%YAML 1.1
%TAG !u! tag:unity3d.com,2011:
--- !u!1 &7682074622522930138
GameObject:
  m_ObjectHideFlags: 0
  m_CorrespondingSourceObject: {fileID: 0}
  m_PrefabInstance: {fileID: 0}
  m_PrefabAsset: {fileID: 0}
  serializedVersion: 6
  m_Component:
  - component: {fileID: 7682074622522930139}
  m_Layer: 0
  m_Name: 07
  m_TagString: Untagged
  m_Icon: {fileID: 0}
  m_NavMeshLayer: 0
  m_StaticEditorFlags: 0
  m_IsActive: 1
--- !u!4 &7682074622522930139
Transform:
  m_ObjectHideFlags: 0
  m_CorrespondingSourceObject: {fileID: 0}
  m_PrefabInstance: {fileID: 0}
  m_PrefabAsset: {fileID: 0}
  m_GameObject: {fileID: 7682074622522930138}
  m_LocalRotation: {x: 0, y: 0, z: 0, w: 1}
  m_LocalPosition: {x: 0, y: 0, z: 0}
  m_LocalScale: {x: 0.10199271, y: 0.10199271, z: 0.10199271}
  m_ConstrainProportionsScale: 0
  m_Children:
  - {fileID: 5222989006620773473}
  - {fileID: 1451934976869771481}
  - {fileID: 8930609979956762684}
  m_Father: {fileID: 0}
  m_RootOrder: 0
  m_LocalEulerAnglesHint: {x: 0, y: 0, z: 0}
--- !u!1001 &7682074620858580386
PrefabInstance:
  m_ObjectHideFlags: 0
  serializedVersion: 2
  m_Modification:
    m_TransformParent: {fileID: 7682074622522930139}
    m_Modifications:
    - target: {fileID: 2515259286590288323, guid: 642251ba21e878b4f9bd9868f0d2c2fb, type: 3}
      propertyPath: m_RootOrder
      value: 0
      objectReference: {fileID: 0}
    - target: {fileID: 2515259286590288323, guid: 642251ba21e878b4f9bd9868f0d2c2fb, type: 3}
      propertyPath: m_LocalPosition.x
      value: -2.817143
      objectReference: {fileID: 0}
    - target: {fileID: 2515259286590288323, guid: 642251ba21e878b4f9bd9868f0d2c2fb, type: 3}
      propertyPath: m_LocalPosition.y
      value: 1.7816936
      objectReference: {fileID: 0}
    - target: {fileID: 2515259286590288323, guid: 642251ba21e878b4f9bd9868f0d2c2fb, type: 3}
      propertyPath: m_LocalPosition.z
      value: -10.453857
      objectReference: {fileID: 0}
    - target: {fileID: 2515259286590288323, guid: 642251ba21e878b4f9bd9868f0d2c2fb, type: 3}
      propertyPath: m_LocalRotation.w
      value: 0.72793967
      objectReference: {fileID: 0}
    - target: {fileID: 2515259286590288323, guid: 642251ba21e878b4f9bd9868f0d2c2fb, type: 3}
      propertyPath: m_LocalRotation.x
      value: -0.6856413
      objectReference: {fileID: 0}
    - target: {fileID: 2515259286590288323, guid: 642251ba21e878b4f9bd9868f0d2c2fb, type: 3}
      propertyPath: m_LocalRotation.y
      value: -0
      objectReference: {fileID: 0}
    - target: {fileID: 2515259286590288323, guid: 642251ba21e878b4f9bd9868f0d2c2fb, type: 3}
      propertyPath: m_LocalRotation.z
      value: -0
      objectReference: {fileID: 0}
    - target: {fileID: 2515259286590288323, guid: 642251ba21e878b4f9bd9868f0d2c2fb, type: 3}
      propertyPath: m_LocalEulerAnglesHint.x
      value: 0
      objectReference: {fileID: 0}
    - target: {fileID: 2515259286590288323, guid: 642251ba21e878b4f9bd9868f0d2c2fb, type: 3}
      propertyPath: m_LocalEulerAnglesHint.y
      value: 0
      objectReference: {fileID: 0}
    - target: {fileID: 2515259286590288323, guid: 642251ba21e878b4f9bd9868f0d2c2fb, type: 3}
      propertyPath: m_LocalEulerAnglesHint.z
      value: 0
      objectReference: {fileID: 0}
    - target: {fileID: 2515259286590288327, guid: 642251ba21e878b4f9bd9868f0d2c2fb, type: 3}
      propertyPath: m_Name
      value: 1
      objectReference: {fileID: 0}
    - target: {fileID: 2515259286590288327, guid: 642251ba21e878b4f9bd9868f0d2c2fb, type: 3}
      propertyPath: m_IsActive
      value: 1
      objectReference: {fileID: 0}
    m_RemovedComponents: []
  m_SourcePrefab: {fileID: 100100000, guid: 642251ba21e878b4f9bd9868f0d2c2fb, type: 3}
--- !u!4 &5222989006620773473 stripped
Transform:
  m_CorrespondingSourceObject: {fileID: 2515259286590288323, guid: 642251ba21e878b4f9bd9868f0d2c2fb, type: 3}
  m_PrefabInstance: {fileID: 7682074620858580386}
  m_PrefabAsset: {fileID: 0}
--- !u!1001 &7682074622412982236
PrefabInstance:
  m_ObjectHideFlags: 0
  serializedVersion: 2
  m_Modification:
    m_TransformParent: {fileID: 7682074622522930139}
    m_Modifications:
    - target: {fileID: 1257577828281065440, guid: 0298a4ede072b3a4db9f11c25ec4322d, type: 3}
      propertyPath: m_RootOrder
      value: 2
      objectReference: {fileID: 0}
    - target: {fileID: 1257577828281065440, guid: 0298a4ede072b3a4db9f11c25ec4322d, type: 3}
      propertyPath: m_LocalPosition.x
      value: 8.7291975
      objectReference: {fileID: 0}
    - target: {fileID: 1257577828281065440, guid: 0298a4ede072b3a4db9f11c25ec4322d, type: 3}
      propertyPath: m_LocalPosition.y
      value: 1.7816936
      objectReference: {fileID: 0}
    - target: {fileID: 1257577828281065440, guid: 0298a4ede072b3a4db9f11c25ec4322d, type: 3}
      propertyPath: m_LocalPosition.z
      value: -5.5391865
      objectReference: {fileID: 0}
    - target: {fileID: 1257577828281065440, guid: 0298a4ede072b3a4db9f11c25ec4322d, type: 3}
      propertyPath: m_LocalRotation.w
      value: 0.52648693
      objectReference: {fileID: 0}
    - target: {fileID: 1257577828281065440, guid: 0298a4ede072b3a4db9f11c25ec4322d, type: 3}
      propertyPath: m_LocalRotation.x
      value: -0.4958941
      objectReference: {fileID: 0}
    - target: {fileID: 1257577828281065440, guid: 0298a4ede072b3a4db9f11c25ec4322d, type: 3}
      propertyPath: m_LocalRotation.y
      value: -0.50270057
      objectReference: {fileID: 0}
    - target: {fileID: 1257577828281065440, guid: 0298a4ede072b3a4db9f11c25ec4322d, type: 3}
      propertyPath: m_LocalRotation.z
      value: -0.47349
      objectReference: {fileID: 0}
    - target: {fileID: 1257577828281065440, guid: 0298a4ede072b3a4db9f11c25ec4322d, type: 3}
      propertyPath: m_LocalEulerAnglesHint.x
      value: -86.572
      objectReference: {fileID: 0}
    - target: {fileID: 1257577828281065440, guid: 0298a4ede072b3a4db9f11c25ec4322d, type: 3}
      propertyPath: m_LocalEulerAnglesHint.y
      value: -87.352
      objectReference: {fileID: 0}
    - target: {fileID: 1257577828281065440, guid: 0298a4ede072b3a4db9f11c25ec4322d, type: 3}
      propertyPath: m_LocalEulerAnglesHint.z
      value: 0
      objectReference: {fileID: 0}
    - target: {fileID: 1257577828281065444, guid: 0298a4ede072b3a4db9f11c25ec4322d, type: 3}
      propertyPath: m_Name
      value: 3
      objectReference: {fileID: 0}
    - target: {fileID: 1257577828281065444, guid: 0298a4ede072b3a4db9f11c25ec4322d, type: 3}
      propertyPath: m_IsActive
      value: 1
      objectReference: {fileID: 0}
    m_RemovedComponents: []
  m_SourcePrefab: {fileID: 100100000, guid: 0298a4ede072b3a4db9f11c25ec4322d, type: 3}
--- !u!4 &8930609979956762684 stripped
Transform:
  m_CorrespondingSourceObject: {fileID: 1257577828281065440, guid: 0298a4ede072b3a4db9f11c25ec4322d, type: 3}
  m_PrefabInstance: {fileID: 7682074622412982236}
  m_PrefabAsset: {fileID: 0}
--- !u!1001 &7682074622475289075
PrefabInstance:
  m_ObjectHideFlags: 0
  serializedVersion: 2
  m_Modification:
    m_TransformParent: {fileID: 7682074622522930139}
    m_Modifications:
    - target: {fileID: 9131744243002861862, guid: 56f0ddd58a288534999b4e81c5d2a937, type: 3}
      propertyPath: m_Name
      value: 2
      objectReference: {fileID: 0}
    - target: {fileID: 9131744243002861862, guid: 56f0ddd58a288534999b4e81c5d2a937, type: 3}
      propertyPath: m_IsActive
      value: 1
      objectReference: {fileID: 0}
    - target: {fileID: 9131744243002861866, guid: 56f0ddd58a288534999b4e81c5d2a937, type: 3}
      propertyPath: m_RootOrder
      value: 1
      objectReference: {fileID: 0}
    - target: {fileID: 9131744243002861866, guid: 56f0ddd58a288534999b4e81c5d2a937, type: 3}
      propertyPath: m_LocalPosition.x
      value: -6.1908026
      objectReference: {fileID: 0}
    - target: {fileID: 9131744243002861866, guid: 56f0ddd58a288534999b4e81c5d2a937, type: 3}
      propertyPath: m_LocalPosition.y
      value: 4.2459154
      objectReference: {fileID: 0}
    - target: {fileID: 9131744243002861866, guid: 56f0ddd58a288534999b4e81c5d2a937, type: 3}
      propertyPath: m_LocalPosition.z
      value: -4.229187
      objectReference: {fileID: 0}
    - target: {fileID: 9131744243002861866, guid: 56f0ddd58a288534999b4e81c5d2a937, type: 3}
      propertyPath: m_LocalRotation.w
      value: 0.85419697
      objectReference: {fileID: 0}
    - target: {fileID: 9131744243002861866, guid: 56f0ddd58a288534999b4e81c5d2a937, type: 3}
      propertyPath: m_LocalRotation.x
      value: -0.25701606
      objectReference: {fileID: 0}
    - target: {fileID: 9131744243002861866, guid: 56f0ddd58a288534999b4e81c5d2a937, type: 3}
      propertyPath: m_LocalRotation.y
      value: 0.39921188
      objectReference: {fileID: 0}
    - target: {fileID: 9131744243002861866, guid: 56f0ddd58a288534999b4e81c5d2a937, type: 3}
      propertyPath: m_LocalRotation.z
      value: 0.21194379
      objectReference: {fileID: 0}
    - target: {fileID: 9131744243002861866, guid: 56f0ddd58a288534999b4e81c5d2a937, type: 3}
      propertyPath: m_LocalEulerAnglesHint.x
      value: 0
      objectReference: {fileID: 0}
    - target: {fileID: 9131744243002861866, guid: 56f0ddd58a288534999b4e81c5d2a937, type: 3}
      propertyPath: m_LocalEulerAnglesHint.y
      value: 0
      objectReference: {fileID: 0}
    - target: {fileID: 9131744243002861866, guid: 56f0ddd58a288534999b4e81c5d2a937, type: 3}
      propertyPath: m_LocalEulerAnglesHint.z
      value: 0
      objectReference: {fileID: 0}
    m_RemovedComponents: []
  m_SourcePrefab: {fileID: 100100000, guid: 56f0ddd58a288534999b4e81c5d2a937, type: 3}
--- !u!4 &1451934976869771481 stripped
Transform:
  m_CorrespondingSourceObject: {fileID: 9131744243002861866, guid: 56f0ddd58a288534999b4e81c5d2a937, type: 3}
  m_PrefabInstance: {fileID: 7682074622475289075}
  m_PrefabAsset: {fileID: 0}
