%YAML 1.1
%TAG !u! tag:unity3d.com,2011:
--- !u!29 &1
OcclusionCullingSettings:
  m_ObjectHideFlags: 0
  serializedVersion: 2
  m_OcclusionBakeSettings:
    smallestOccluder: 5
    smallestHole: 0.25
    backfaceThreshold: 100
  m_SceneGUID: 00000000000000000000000000000000
  m_OcclusionCullingData: {fileID: 0}
--- !u!104 &2
RenderSettings:
  m_ObjectHideFlags: 0
  serializedVersion: 9
  m_Fog: 0
  m_FogColor: {r: 0.5, g: 0.5, b: 0.5, a: 1}
  m_FogMode: 3
  m_FogDensity: 0.01
  m_LinearFogStart: 0
  m_LinearFogEnd: 300
  m_AmbientSkyColor: {r: 0.2, g: 0.2, b: 0.2, a: 1}
  m_AmbientEquatorColor: {r: 0.2, g: 0.2, b: 0.2, a: 1}
  m_AmbientGroundColor: {r: 0.2, g: 0.2, b: 0.2, a: 1}
  m_AmbientIntensity: 1
  m_AmbientMode: 3
  m_SubtractiveShadowColor: {r: 0.42, g: 0.478, b: 0.627, a: 1}
  m_SkyboxMaterial: {fileID: 0}
  m_HaloStrength: 0.5
  m_FlareStrength: 1
  m_FlareFadeSpeed: 3
  m_HaloTexture: {fileID: 0}
  m_SpotCookie: {fileID: 10001, guid: 0000000000000000e000000000000000, type: 0}
  m_DefaultReflectionMode: 0
  m_DefaultReflectionResolution: 128
  m_ReflectionBounces: 1
  m_ReflectionIntensity: 1
  m_CustomReflection: {fileID: 0}
  m_Sun: {fileID: 0}
  m_IndirectSpecularColor: {r: 0, g: 0, b: 0, a: 1}
  m_UseRadianceAmbientProbe: 0
--- !u!157 &4
LightmapSettings:
  m_ObjectHideFlags: 0
  serializedVersion: 12
  m_GIWorkflowMode: 1
  m_GISettings:
    serializedVersion: 2
    m_BounceScale: 1
    m_IndirectOutputScale: 1
    m_AlbedoBoost: 1
    m_EnvironmentLightingMode: 0
    m_EnableBakedLightmaps: 1
    m_EnableRealtimeLightmaps: 0
  m_LightmapEditorSettings:
    serializedVersion: 12
    m_Resolution: 1
    m_BakeResolution: 50
    m_AtlasSize: 1024
    m_AO: 1
    m_AOMaxDistance: 1
    m_CompAOExponent: 1
    m_CompAOExponentDirect: 0
    m_ExtractAmbientOcclusion: 0
    m_Padding: 2
    m_LightmapParameters: {fileID: 0}
    m_LightmapsBakeMode: 1
    m_TextureCompression: 0
    m_FinalGather: 0
    m_FinalGatherFiltering: 1
    m_FinalGatherRayCount: 256
    m_ReflectionCompression: 2
    m_MixedBakeMode: 1
    m_BakeBackend: 0
    m_PVRSampling: 1
    m_PVRDirectSampleCount: 32
    m_PVRSampleCount: 512
    m_PVRBounces: 2
    m_PVREnvironmentSampleCount: 512
    m_PVREnvironmentReferencePointCount: 2048
    m_PVRFilteringMode: 0
    m_PVRDenoiserTypeDirect: 0
    m_PVRDenoiserTypeIndirect: 0
    m_PVRDenoiserTypeAO: 0
    m_PVRFilterTypeDirect: 0
    m_PVRFilterTypeIndirect: 0
    m_PVRFilterTypeAO: 0
    m_PVREnvironmentMIS: 0
    m_PVRCulling: 1
    m_PVRFilteringGaussRadiusDirect: 1
    m_PVRFilteringGaussRadiusIndirect: 5
    m_PVRFilteringGaussRadiusAO: 2
    m_PVRFilteringAtrousPositionSigmaDirect: 0.5
    m_PVRFilteringAtrousPositionSigmaIndirect: 2
    m_PVRFilteringAtrousPositionSigmaAO: 1
    m_ExportTrainingData: 0
    m_TrainingDataDestination: TrainingData
    m_LightProbeSampleCountMultiplier: 4
  m_LightingDataAsset: {fileID: 0}
  m_LightingSettings: {fileID: 4890085278179872738, guid: 9a1c61b638ad0bb4f8764cf170d95719,
    type: 2}
--- !u!196 &5
NavMeshSettings:
  serializedVersion: 2
  m_ObjectHideFlags: 0
  m_BuildSettings:
    serializedVersion: 2
    agentTypeID: 0
    agentRadius: 0.5
    agentHeight: 2
    agentSlope: 45
    agentClimb: 0.4
    ledgeDropHeight: 0
    maxJumpAcrossDistance: 0
    minRegionArea: 2
    manualCellSize: 0
    cellSize: 0.16666666
    manualTileSize: 0
    tileSize: 256
    accuratePlacement: 0
    maxJobWorkers: 0
    preserveTilesOutsideBounds: 0
    debug:
      m_Flags: 0
  m_NavMeshData: {fileID: 0}
--- !u!1 &229776888
GameObject:
  m_ObjectHideFlags: 0
  m_CorrespondingSourceObject: {fileID: 0}
  m_PrefabInstance: {fileID: 0}
  m_PrefabAsset: {fileID: 0}
  serializedVersion: 6
  m_Component:
  - component: {fileID: 229776889}
  - component: {fileID: 229776890}
  m_Layer: 0
  m_Name: Directional light
  m_TagString: Untagged
  m_Icon: {fileID: 0}
  m_NavMeshLayer: 3452816845
  m_StaticEditorFlags: 0
  m_IsActive: 1
--- !u!4 &229776889
Transform:
  m_ObjectHideFlags: 0
  m_CorrespondingSourceObject: {fileID: 0}
  m_PrefabInstance: {fileID: 0}
  m_PrefabAsset: {fileID: 0}
  m_GameObject: {fileID: 229776888}
  m_LocalRotation: {x: 0.40821794, y: -0.23456973, z: 0.10938166, w: 0.8754261}
  m_LocalPosition: {x: 0, y: 2.5039558, z: 0}
  m_LocalScale: {x: 1, y: 1, z: 1}
  m_Children: []
  m_Father: {fileID: 0}
  m_RootOrder: 1
  m_LocalEulerAnglesHint: {x: 0, y: 0, z: 0}
--- !u!108 &229776890
Light:
  m_ObjectHideFlags: 0
  m_CorrespondingSourceObject: {fileID: 0}
  m_PrefabInstance: {fileID: 0}
  m_PrefabAsset: {fileID: 0}
  m_GameObject: {fileID: 229776888}
  m_Enabled: 1
  serializedVersion: 10
  m_Type: 1
  m_Shape: 0
  m_Color: {r: 1, g: 1, b: 1, a: 1}
  m_Intensity: 0.66
  m_Range: 10
  m_SpotAngle: 30
  m_InnerSpotAngle: 21.80208
  m_CookieSize: 10
  m_Shadows:
    m_Type: 0
    m_Resolution: -1
    m_CustomResolution: -1
    m_Strength: 1
    m_Bias: 0.05
    m_NormalBias: 0.4
    m_NearPlane: 0.2
    m_CullingMatrixOverride:
      e00: 1
      e01: 0
      e02: 0
      e03: 0
      e10: 0
      e11: 1
      e12: 0
      e13: 0
      e20: 0
      e21: 0
      e22: 1
      e23: 0
      e30: 0
      e31: 0
      e32: 0
      e33: 1
    m_UseCullingMatrixOverride: 0
  m_Cookie: {fileID: 0}
  m_DrawHalo: 0
  m_Flare: {fileID: 0}
  m_RenderMode: 0
  m_CullingMask:
    serializedVersion: 2
    m_Bits: 4294967295
  m_RenderingLayerMask: 1
  m_Lightmapping: 1
  m_LightShadowCasterMode: 0
  m_AreaSize: {x: 1, y: 1}
  m_BounceIntensity: 1
  m_ColorTemperature: 6570
  m_UseColorTemperature: 0
  m_BoundingSphereOverride: {x: 0, y: 0, z: 0, w: 0}
  m_UseBoundingSphereOverride: 0
  m_UseViewFrustumForShadowCasterCull: 1
  m_ShadowRadius: 0
  m_ShadowAngle: 0
--- !u!1001 &1602819790
PrefabInstance:
  m_ObjectHideFlags: 0
  serializedVersion: 2
  m_Modification:
    m_TransformParent: {fileID: 0}
    m_Modifications:
    - target: {fileID: 1581093954426074, guid: ad152f08ed7eb6e4abd93376a0203e38, type: 3}
      propertyPath: m_Name
      value: NRInput
      objectReference: {fileID: 0}
    - target: {fileID: 4808320353365586, guid: ad152f08ed7eb6e4abd93376a0203e38, type: 3}
      propertyPath: m_RootOrder
      value: 3
      objectReference: {fileID: 0}
    - target: {fileID: 4808320353365586, guid: ad152f08ed7eb6e4abd93376a0203e38, type: 3}
      propertyPath: m_LocalPosition.x
      value: 0
      objectReference: {fileID: 0}
    - target: {fileID: 4808320353365586, guid: ad152f08ed7eb6e4abd93376a0203e38, type: 3}
      propertyPath: m_LocalPosition.y
      value: 0
      objectReference: {fileID: 0}
    - target: {fileID: 4808320353365586, guid: ad152f08ed7eb6e4abd93376a0203e38, type: 3}
      propertyPath: m_LocalPosition.z
      value: 0
      objectReference: {fileID: 0}
    - target: {fileID: 4808320353365586, guid: ad152f08ed7eb6e4abd93376a0203e38, type: 3}
      propertyPath: m_LocalRotation.w
      value: 1
      objectReference: {fileID: 0}
    - target: {fileID: 4808320353365586, guid: ad152f08ed7eb6e4abd93376a0203e38, type: 3}
      propertyPath: m_LocalRotation.x
      value: 0
      objectReference: {fileID: 0}
    - target: {fileID: 4808320353365586, guid: ad152f08ed7eb6e4abd93376a0203e38, type: 3}
      propertyPath: m_LocalRotation.y
      value: 0
      objectReference: {fileID: 0}
    - target: {fileID: 4808320353365586, guid: ad152f08ed7eb6e4abd93376a0203e38, type: 3}
      propertyPath: m_LocalRotation.z
      value: 0
      objectReference: {fileID: 0}
    - target: {fileID: 4808320353365586, guid: ad152f08ed7eb6e4abd93376a0203e38, type: 3}
      propertyPath: m_LocalEulerAnglesHint.x
      value: 0
      objectReference: {fileID: 0}
    - target: {fileID: 4808320353365586, guid: ad152f08ed7eb6e4abd93376a0203e38, type: 3}
      propertyPath: m_LocalEulerAnglesHint.y
      value: 0
      objectReference: {fileID: 0}
    - target: {fileID: 4808320353365586, guid: ad152f08ed7eb6e4abd93376a0203e38, type: 3}
      propertyPath: m_LocalEulerAnglesHint.z
      value: 0
      objectReference: {fileID: 0}
    m_RemovedComponents: []
  m_SourcePrefab: {fileID: 100100000, guid: ad152f08ed7eb6e4abd93376a0203e38, type: 3}
--- !u!1001 &1774881563
PrefabInstance:
  m_ObjectHideFlags: 0
  serializedVersion: 2
  m_Modification:
    m_TransformParent: {fileID: 0}
    m_Modifications:
    - target: {fileID: 1668515225578100, guid: 665d8158924bd2648a94fb3f87691bbb, type: 3}
      propertyPath: m_Name
      value: NRCameraRig
      objectReference: {fileID: 0}
    - target: {fileID: 4275651716754104, guid: 665d8158924bd2648a94fb3f87691bbb, type: 3}
      propertyPath: m_RootOrder
      value: 2
      objectReference: {fileID: 0}
    - target: {fileID: 4275651716754104, guid: 665d8158924bd2648a94fb3f87691bbb, type: 3}
      propertyPath: m_LocalPosition.x
      value: 0
      objectReference: {fileID: 0}
    - target: {fileID: 4275651716754104, guid: 665d8158924bd2648a94fb3f87691bbb, type: 3}
      propertyPath: m_LocalPosition.y
      value: 0
      objectReference: {fileID: 0}
    - target: {fileID: 4275651716754104, guid: 665d8158924bd2648a94fb3f87691bbb, type: 3}
      propertyPath: m_LocalPosition.z
      value: 0
      objectReference: {fileID: 0}
    - target: {fileID: 4275651716754104, guid: 665d8158924bd2648a94fb3f87691bbb, type: 3}
      propertyPath: m_LocalRotation.w
      value: 1
      objectReference: {fileID: 0}
    - target: {fileID: 4275651716754104, guid: 665d8158924bd2648a94fb3f87691bbb, type: 3}
      propertyPath: m_LocalRotation.x
      value: 0
      objectReference: {fileID: 0}
    - target: {fileID: 4275651716754104, guid: 665d8158924bd2648a94fb3f87691bbb, type: 3}
      propertyPath: m_LocalRotation.y
      value: 0
      objectReference: {fileID: 0}
    - target: {fileID: 4275651716754104, guid: 665d8158924bd2648a94fb3f87691bbb, type: 3}
      propertyPath: m_LocalRotation.z
      value: 0
      objectReference: {fileID: 0}
    - target: {fileID: 4275651716754104, guid: 665d8158924bd2648a94fb3f87691bbb, type: 3}
      propertyPath: m_LocalEulerAnglesHint.x
      value: 0
      objectReference: {fileID: 0}
    - target: {fileID: 4275651716754104, guid: 665d8158924bd2648a94fb3f87691bbb, type: 3}
      propertyPath: m_LocalEulerAnglesHint.y
      value: 0
      objectReference: {fileID: 0}
    - target: {fileID: 4275651716754104, guid: 665d8158924bd2648a94fb3f87691bbb, type: 3}
      propertyPath: m_LocalEulerAnglesHint.z
      value: 0
      objectReference: {fileID: 0}
    m_RemovedComponents: []
  m_SourcePrefab: {fileID: 100100000, guid: 665d8158924bd2648a94fb3f87691bbb, type: 3}
--- !u!1 &1774881564 stripped
GameObject:
  m_CorrespondingSourceObject: {fileID: 1831472376678662, guid: 665d8158924bd2648a94fb3f87691bbb,
    type: 3}
  m_PrefabInstance: {fileID: 1774881563}
  m_PrefabAsset: {fileID: 0}
--- !u!1 &1774881565 stripped
GameObject:
  m_CorrespondingSourceObject: {fileID: 1449425198145754, guid: 665d8158924bd2648a94fb3f87691bbb,
    type: 3}
  m_PrefabInstance: {fileID: 1774881563}
  m_PrefabAsset: {fileID: 0}
--- !u!114 &1774881566
MonoBehaviour:
  m_ObjectHideFlags: 0
  m_CorrespondingSourceObject: {fileID: 0}
  m_PrefabInstance: {fileID: 0}
  m_PrefabAsset: {fileID: 0}
  m_GameObject: {fileID: 1774881564}
  m_Enabled: 1
  m_EditorHideFlags: 0
  m_Script: {fileID: 11500000, guid: 6c11fc24807cfa642acf94cc7d4d4a21, type: 3}
  m_Name: 
  m_EditorClassIdentifier: 
  stencilZBufferDepth: 0
  _downsampleFactor: 4
  iterations: 2
  blurMinSpread: 0.65
  blurSpread: 0.25
  _blurIntensity: 0.3
--- !u!114 &1774881567
MonoBehaviour:
  m_ObjectHideFlags: 0
  m_CorrespondingSourceObject: {fileID: 0}
  m_PrefabInstance: {fileID: 0}
  m_PrefabAsset: {fileID: 0}
  m_GameObject: {fileID: 1774881565}
  m_Enabled: 1
  m_EditorHideFlags: 0
  m_Script: {fileID: 11500000, guid: 6c11fc24807cfa642acf94cc7d4d4a21, type: 3}
  m_Name: 
  m_EditorClassIdentifier: 
  stencilZBufferDepth: 0
  _downsampleFactor: 4
  iterations: 2
  blurMinSpread: 0.65
  blurSpread: 0.25
  _blurIntensity: 0.3
--- !u!1 &1970041140
GameObject:
  m_ObjectHideFlags: 0
  m_CorrespondingSourceObject: {fileID: 0}
  m_PrefabInstance: {fileID: 0}
  m_PrefabAsset: {fileID: 0}
  serializedVersion: 6
  m_Component:
  - component: {fileID: 1970041141}
  - component: {fileID: 1970041142}
  m_Layer: 0
  m_Name: HighlightingObject
  m_TagString: Untagged
  m_Icon: {fileID: 0}
  m_NavMeshLayer: 3452816845
  m_StaticEditorFlags: 0
  m_IsActive: 1
--- !u!4 &1970041141
Transform:
  m_ObjectHideFlags: 0
  m_CorrespondingSourceObject: {fileID: 0}
  m_PrefabInstance: {fileID: 0}
  m_PrefabAsset: {fileID: 0}
  m_GameObject: {fileID: 1970041140}
  m_LocalRotation: {x: 0, y: 0, z: 0, w: 1}
  m_LocalPosition: {x: 0, y: -0.53, z: 3}
  m_LocalScale: {x: 0.60929, y: 0.60929, z: 0.60929}
  m_Children:
  - {fileID: 5006512736490822005}
  m_Father: {fileID: 0}
  m_RootOrder: 0
  m_LocalEulerAnglesHint: {x: 0, y: 0, z: 0}
--- !u!114 &1970041142
MonoBehaviour:
  m_ObjectHideFlags: 0
  m_CorrespondingSourceObject: {fileID: 0}
  m_PrefabInstance: {fileID: 0}
  m_PrefabAsset: {fileID: 0}
  m_GameObject: {fileID: 1970041140}
  m_Enabled: 1
  m_EditorHideFlags: 0
  m_Script: {fileID: 11500000, guid: d603bd8cd59b1ba4b9aebeaf053c1412, type: 3}
  m_Name: 
  m_EditorClassIdentifier: 
  flashingStartColor: {r: 1, g: 0, b: 0.9185338, a: 1}
  flashingEndColor: {r: 0.0021022558, g: 1, b: 0, a: 1}
  flashingDelay: 2.5
  flashingFrequency: 2
  isOn: 1
--- !u!1 &1973585321 stripped
GameObject:
  m_CorrespondingSourceObject: {fileID: 1713578656367708, guid: 665d8158924bd2648a94fb3f87691bbb,
    type: 3}
  m_PrefabInstance: {fileID: 1774881563}
  m_PrefabAsset: {fileID: 0}
--- !u!114 &1973585322
MonoBehaviour:
  m_ObjectHideFlags: 0
  m_CorrespondingSourceObject: {fileID: 0}
  m_PrefabInstance: {fileID: 0}
  m_PrefabAsset: {fileID: 0}
  m_GameObject: {fileID: 1973585321}
  m_Enabled: 1
  m_EditorHideFlags: 0
  m_Script: {fileID: 11500000, guid: 6c11fc24807cfa642acf94cc7d4d4a21, type: 3}
  m_Name: 
  m_EditorClassIdentifier: 
  stencilZBufferDepth: 0
  _downsampleFactor: 4
  iterations: 2
  blurMinSpread: 0.65
  blurSpread: 0.25
  _blurIntensity: 0.3
--- !u!1 &40631837664665562
GameObject:
  m_ObjectHideFlags: 0
  m_CorrespondingSourceObject: {fileID: 0}
  m_PrefabInstance: {fileID: 0}
  m_PrefabAsset: {fileID: 0}
  serializedVersion: 6
  m_Component:
  - component: {fileID: 6821409276993654255}
  m_Layer: 0
  m_Name: Left_Forearm_Joint_01
  m_TagString: Untagged
  m_Icon: {fileID: 0}
  m_NavMeshLayer: 0
  m_StaticEditorFlags: 0
  m_IsActive: 1
--- !u!1 &325516439220982970
GameObject:
  m_ObjectHideFlags: 0
  m_CorrespondingSourceObject: {fileID: 0}
  m_PrefabInstance: {fileID: 0}
  m_PrefabAsset: {fileID: 0}
  serializedVersion: 6
  m_Component:
  - component: {fileID: 665531311737819812}
  m_Layer: 0
  m_Name: Left_Thumb_Joint_01b
  m_TagString: Untagged
  m_Icon: {fileID: 0}
  m_NavMeshLayer: 0
  m_StaticEditorFlags: 0
  m_IsActive: 1
--- !u!1 &399063148509828447
GameObject:
  m_ObjectHideFlags: 0
  m_CorrespondingSourceObject: {fileID: 0}
  m_PrefabInstance: {fileID: 0}
  m_PrefabAsset: {fileID: 0}
  serializedVersion: 6
  m_Component:
  - component: {fileID: 8918989076855044528}
  - component: {fileID: 7574153652613171213}
  m_Layer: 0
  m_Name: Robot2
  m_TagString: Untagged
  m_Icon: {fileID: 0}
  m_NavMeshLayer: 0
  m_StaticEditorFlags: 0
  m_IsActive: 1
--- !u!4 &402061865876019171
Transform:
  m_ObjectHideFlags: 0
  m_CorrespondingSourceObject: {fileID: 0}
  m_PrefabInstance: {fileID: 0}
  m_PrefabAsset: {fileID: 0}
  m_GameObject: {fileID: 9054424508871395162}
  m_LocalRotation: {x: 0.42036253, y: 0.37180415, z: -0.08352769, w: 0.8234563}
  m_LocalPosition: {x: -0.046887316, y: -0.004865311, z: 0.046988335}
  m_LocalScale: {x: 1, y: 1, z: 1}
  m_Children:
  - {fileID: 665531311737819812}
  m_Father: {fileID: 2054380970721294493}
  m_RootOrder: 4
  m_LocalEulerAnglesHint: {x: 0, y: 0, z: 0}
--- !u!4 &474934589300678234
Transform:
  m_ObjectHideFlags: 0
  m_CorrespondingSourceObject: {fileID: 0}
  m_PrefabInstance: {fileID: 0}
  m_PrefabAsset: {fileID: 0}
  m_GameObject: {fileID: 8990498533899001255}
  m_LocalRotation: {x: 0.010496695, y: 0.008789492, z: 0.0007846789, w: 0.999906}
  m_LocalPosition: {x: 0.07144747, y: -0.013888802, z: -0.0063472134}
  m_LocalScale: {x: 1, y: 1, z: 1}
  m_Children:
  - {fileID: 5639563196527263376}
  m_Father: {fileID: 582480814731452269}
  m_RootOrder: 1
  m_LocalEulerAnglesHint: {x: 0, y: 0, z: 0}
--- !u!4 &582480814731452269
Transform:
  m_ObjectHideFlags: 0
  m_CorrespondingSourceObject: {fileID: 0}
  m_PrefabInstance: {fileID: 0}
  m_PrefabAsset: {fileID: 0}
  m_GameObject: {fileID: 6675616617097248652}
  m_LocalRotation: {x: -0.7059572, y: -0.015687702, z: 0.0068027773, w: 0.70804816}
  m_LocalPosition: {x: 0.30588374, y: -0.03317292, z: 0.007066546}
  m_LocalScale: {x: 1, y: 1, z: 1}
  m_Children:
  - {fileID: 5366664436489919196}
  - {fileID: 474934589300678234}
  - {fileID: 2108675994489271963}
  - {fileID: 4962745281465728465}
  - {fileID: 8052736474915940088}
  m_Father: {fileID: 3736362900167209102}
  m_RootOrder: 0
  m_LocalEulerAnglesHint: {x: 0, y: 0, z: 0}
--- !u!4 &665531311737819812
Transform:
  m_ObjectHideFlags: 0
  m_CorrespondingSourceObject: {fileID: 0}
  m_PrefabInstance: {fileID: 0}
  m_PrefabAsset: {fileID: 0}
  m_GameObject: {fileID: 325516439220982970}
  m_LocalRotation: {x: -0.42036253, y: -0.37180415, z: 0.08352769, w: 0.8234563}
  m_LocalPosition: {x: -0.028778248, y: -0.0016480584, z: -0.002403863}
  m_LocalScale: {x: 1, y: 1, z: 1}
  m_Children: []
  m_Father: {fileID: 402061865876019171}
  m_RootOrder: 0
  m_LocalEulerAnglesHint: {x: 0, y: 0, z: 0}
--- !u!4 &794528500193825732
Transform:
  m_ObjectHideFlags: 0
  m_CorrespondingSourceObject: {fileID: 0}
  m_PrefabInstance: {fileID: 0}
  m_PrefabAsset: {fileID: 0}
  m_GameObject: {fileID: 8721300229786365766}
  m_LocalRotation: {x: 0.86925447, y: 0.49436495, z: 3.027112e-17, w: 5.3226485e-17}
  m_LocalPosition: {x: -0.43405014, y: -8.4273525e-18, z: -8.746468e-18}
  m_LocalScale: {x: 1, y: 1, z: 1}
  m_Children:
  - {fileID: 8266458007435904377}
  m_Father: {fileID: 8166552636118352720}
  m_RootOrder: 0
  m_LocalEulerAnglesHint: {x: 0, y: 0, z: 0}
--- !u!1 &880145717070502222
GameObject:
  m_ObjectHideFlags: 0
  m_CorrespondingSourceObject: {fileID: 0}
  m_PrefabInstance: {fileID: 0}
  m_PrefabAsset: {fileID: 0}
  serializedVersion: 6
  m_Component:
  - component: {fileID: 3019434826819739849}
  m_Layer: 0
  m_Name: Left_Middle_Finger_Joint_01b
  m_TagString: Untagged
  m_Icon: {fileID: 0}
  m_NavMeshLayer: 0
  m_StaticEditorFlags: 0
  m_IsActive: 1
--- !u!4 &1044778016365304850
Transform:
  m_ObjectHideFlags: 0
  m_CorrespondingSourceObject: {fileID: 0}
  m_PrefabInstance: {fileID: 0}
  m_PrefabAsset: {fileID: 0}
  m_GameObject: {fileID: 2959096998611929074}
  m_LocalRotation: {x: 0.12274438, y: -0.08501493, z: 0.3184496, w: 0.9361069}
  m_LocalPosition: {x: 0.028778402, y: 0.0016480286, z: 0.0024040877}
  m_LocalScale: {x: 1, y: 1, z: 1}
  m_Children: []
  m_Father: {fileID: 8052736474915940088}
  m_RootOrder: 0
  m_LocalEulerAnglesHint: {x: 0, y: 0, z: 0}
--- !u!1 &1111829679808813836
GameObject:
  m_ObjectHideFlags: 0
  m_CorrespondingSourceObject: {fileID: 0}
  m_PrefabInstance: {fileID: 0}
  m_PrefabAsset: {fileID: 0}
  serializedVersion: 6
  m_Component:
  - component: {fileID: 3736362900167209102}
  m_Layer: 0
  m_Name: Right_Forearm_Joint_01
  m_TagString: Untagged
  m_Icon: {fileID: 0}
  m_NavMeshLayer: 0
  m_StaticEditorFlags: 0
  m_IsActive: 1
--- !u!1 &1121063751921734360
GameObject:
  m_ObjectHideFlags: 0
  m_CorrespondingSourceObject: {fileID: 0}
  m_PrefabInstance: {fileID: 0}
  m_PrefabAsset: {fileID: 0}
  serializedVersion: 6
  m_Component:
  - component: {fileID: 7833665857418730517}
  m_Layer: 0
  m_Name: Root
  m_TagString: Untagged
  m_Icon: {fileID: 0}
  m_NavMeshLayer: 0
  m_StaticEditorFlags: 0
  m_IsActive: 1
--- !u!1 &1135250923247632643
GameObject:
  m_ObjectHideFlags: 0
  m_CorrespondingSourceObject: {fileID: 0}
  m_PrefabInstance: {fileID: 0}
  m_PrefabAsset: {fileID: 0}
  serializedVersion: 6
  m_Component:
  - component: {fileID: 3156614189358199050}
  m_Layer: 0
  m_Name: Hip
  m_TagString: Untagged
  m_Icon: {fileID: 0}
  m_NavMeshLayer: 0
  m_StaticEditorFlags: 0
  m_IsActive: 1
--- !u!1 &1291684620022921438
GameObject:
  m_ObjectHideFlags: 0
  m_CorrespondingSourceObject: {fileID: 0}
  m_PrefabInstance: {fileID: 0}
  m_PrefabAsset: {fileID: 0}
  serializedVersion: 6
  m_Component:
  - component: {fileID: 3790710495555543559}
  m_Layer: 0
  m_Name: Right_Toe_Joint_01
  m_TagString: Untagged
  m_Icon: {fileID: 0}
  m_NavMeshLayer: 0
  m_StaticEditorFlags: 0
  m_IsActive: 1
--- !u!4 &1321354938350380352
Transform:
  m_ObjectHideFlags: 0
  m_CorrespondingSourceObject: {fileID: 0}
  m_PrefabInstance: {fileID: 0}
  m_PrefabAsset: {fileID: 0}
  m_GameObject: {fileID: 3229363184277405960}
  m_LocalRotation: {x: 0, y: -0, z: -0.018812645, w: 0.99982303}
  m_LocalPosition: {x: 0.3717341, y: -0.001996706, z: 0.073036395}
  m_LocalScale: {x: 1, y: 1, z: 1}
  m_Children:
  - {fileID: 1614249021335248958}
  m_Father: {fileID: 8122890845493981680}
  m_RootOrder: 0
  m_LocalEulerAnglesHint: {x: 0, y: 0, z: 0}
--- !u!1 &1415058607135747270
GameObject:
  m_ObjectHideFlags: 0
  m_CorrespondingSourceObject: {fileID: 0}
  m_PrefabInstance: {fileID: 0}
  m_PrefabAsset: {fileID: 0}
  serializedVersion: 6
  m_Component:
  - component: {fileID: 1711823965256878525}
  m_Layer: 0
  m_Name: Right_Middle_Finger_Joint_01c
  m_TagString: Untagged
  m_Icon: {fileID: 0}
  m_NavMeshLayer: 0
  m_StaticEditorFlags: 0
  m_IsActive: 1
--- !u!4 &1451524594205331538
Transform:
  m_ObjectHideFlags: 0
  m_CorrespondingSourceObject: {fileID: 0}
  m_PrefabInstance: {fileID: 0}
  m_PrefabAsset: {fileID: 0}
  m_GameObject: {fileID: 5120931691877433191}
  m_LocalRotation: {x: -0.41058227, y: 0.44783446, z: 0.53675634, w: 0.5854563}
  m_LocalPosition: {x: -0.24796544, y: -0.018968333, z: 0.13130726}
  m_LocalScale: {x: 1, y: 1, z: 1}
  m_Children:
  - {fileID: 6028505105446423185}
  m_Father: {fileID: 3884189307182912624}
  m_RootOrder: 0
  m_LocalEulerAnglesHint: {x: 0, y: 0, z: 0}
--- !u!1 &1506811393859943229
GameObject:
  m_ObjectHideFlags: 0
  m_CorrespondingSourceObject: {fileID: 0}
  m_PrefabInstance: {fileID: 0}
  m_PrefabAsset: {fileID: 0}
  serializedVersion: 6
  m_Component:
  - component: {fileID: 8519910122940799237}
  m_Layer: 0
  m_Name: Left_Ring_Finger_Joint_01a
  m_TagString: Untagged
  m_Icon: {fileID: 0}
  m_NavMeshLayer: 0
  m_StaticEditorFlags: 0
  m_IsActive: 1
--- !u!4 &1555423235432396480
Transform:
  m_ObjectHideFlags: 0
  m_CorrespondingSourceObject: {fileID: 0}
  m_PrefabInstance: {fileID: 0}
  m_PrefabAsset: {fileID: 0}
  m_GameObject: {fileID: 8880049929853790852}
  m_LocalRotation: {x: -0.011060424, y: -0.000267697, z: -0.024194574, w: 0.99964607}
  m_LocalPosition: {x: -0.021700656, y: -6.477451e-17, z: 8.274631e-18}
  m_LocalScale: {x: 1, y: 1, z: 1}
  m_Children: []
  m_Father: {fileID: 8048083271663578315}
  m_RootOrder: 0
  m_LocalEulerAnglesHint: {x: 0, y: 0, z: 0}
--- !u!1 &1611508160570883522
GameObject:
  m_ObjectHideFlags: 0
  m_CorrespondingSourceObject: {fileID: 0}
  m_PrefabInstance: {fileID: 0}
  m_PrefabAsset: {fileID: 0}
  serializedVersion: 6
  m_Component:
  - component: {fileID: 6028505105446423185}
  m_Layer: 0
  m_Name: Left_Upper_Arm_Joint_01
  m_TagString: Untagged
  m_Icon: {fileID: 0}
  m_NavMeshLayer: 0
  m_StaticEditorFlags: 0
  m_IsActive: 1
--- !u!4 &1614249021335248958
Transform:
  m_ObjectHideFlags: 0
  m_CorrespondingSourceObject: {fileID: 0}
  m_PrefabInstance: {fileID: 0}
  m_PrefabAsset: {fileID: 0}
  m_GameObject: {fileID: 3016697305001052464}
  m_LocalRotation: {x: 0, y: -0, z: -0.49436495, w: 0.86925447}
  m_LocalPosition: {x: 0.43404976, y: 0.00000007899868, z: -1.7763568e-17}
  m_LocalScale: {x: 1, y: 1, z: 1}
  m_Children:
  - {fileID: 3790710495555543559}
  m_Father: {fileID: 1321354938350380352}
  m_RootOrder: 0
  m_LocalEulerAnglesHint: {x: 0, y: 0, z: 0}
--- !u!4 &1678630945271257685
Transform:
  m_ObjectHideFlags: 0
  m_CorrespondingSourceObject: {fileID: 0}
  m_PrefabInstance: {fileID: 0}
  m_PrefabAsset: {fileID: 0}
  m_GameObject: {fileID: 4862954121046090314}
  m_LocalRotation: {x: 0.0007113588, y: 0.0004798609, z: 0.011196686, w: 0.999937}
  m_LocalPosition: {x: 0.04053422, y: -0.0000009354332, z: 0.000000022560922}
  m_LocalScale: {x: 1, y: 1, z: 1}
  m_Children:
  - {fileID: 6475180735174145613}
  m_Father: {fileID: 5366664436489919196}
  m_RootOrder: 0
  m_LocalEulerAnglesHint: {x: 0, y: 0, z: 0}
--- !u!4 &1707243785841508808
Transform:
  m_ObjectHideFlags: 0
  m_CorrespondingSourceObject: {fileID: 0}
  m_PrefabInstance: {fileID: 0}
  m_PrefabAsset: {fileID: 0}
  m_GameObject: {fileID: 9111962884626107235}
  m_LocalRotation: {x: 0, y: -0, z: -0, w: 1}
  m_LocalPosition: {x: -0.079593115, y: 0, z: -2.0962138e-17}
  m_LocalScale: {x: 1, y: 1, z: 1}
  m_Children: []
  m_Father: {fileID: 8572989240431452288}
  m_RootOrder: 0
  m_LocalEulerAnglesHint: {x: 0, y: 0, z: 0}
--- !u!4 &1711823965256878525
Transform:
  m_ObjectHideFlags: 0
  m_CorrespondingSourceObject: {fileID: 0}
  m_PrefabInstance: {fileID: 0}
  m_PrefabAsset: {fileID: 0}
  m_GameObject: {fileID: 1415058607135747270}
  m_LocalRotation: {x: -0.010956354, y: -0.00023076385, z: -0.021056168, w: 0.99971825}
  m_LocalPosition: {x: 0.024932733, y: -0.00000037860835, z: 0.000000067108736}
  m_LocalScale: {x: 1, y: 1, z: 1}
  m_Children: []
  m_Father: {fileID: 5639563196527263376}
  m_RootOrder: 0
  m_LocalEulerAnglesHint: {x: 0, y: 0, z: 0}
--- !u!4 &1735580576926665429
Transform:
  m_ObjectHideFlags: 0
  m_CorrespondingSourceObject: {fileID: 0}
  m_PrefabInstance: {fileID: 0}
  m_PrefabAsset: {fileID: 0}
  m_GameObject: {fileID: 5378792254135800844}
  m_LocalRotation: {x: -0.010956354, y: -0.00023076385, z: -0.021056168, w: 0.99971825}
  m_LocalPosition: {x: -0.024933377, y: 1.4801235e-16, z: -4.9960034e-18}
  m_LocalScale: {x: 1, y: 1, z: 1}
  m_Children: []
  m_Father: {fileID: 3019434826819739849}
  m_RootOrder: 0
  m_LocalEulerAnglesHint: {x: 0, y: 0, z: 0}
--- !u!4 &2054380970721294493
Transform:
  m_ObjectHideFlags: 0
  m_CorrespondingSourceObject: {fileID: 0}
  m_PrefabInstance: {fileID: 0}
  m_PrefabAsset: {fileID: 0}
  m_GameObject: {fileID: 7610233369484439144}
  m_LocalRotation: {x: -0.0034134407, y: 0.0066458187, z: 0.45418105, w: 0.89087814}
  m_LocalPosition: {x: -0.17692582, y: -0.24830171, z: 0.04193508}
  m_LocalScale: {x: 1, y: 1, z: 1}
  m_Children:
  - {fileID: 3436763941346816036}
  - {fileID: 8528901380813650410}
  - {fileID: 2834700616033916557}
  - {fileID: 8519910122940799237}
  - {fileID: 402061865876019171}
  m_Father: {fileID: 6821409276993654255}
  m_RootOrder: 0
  m_LocalEulerAnglesHint: {x: 0, y: 0, z: 0}
--- !u!4 &2108675994489271963
Transform:
  m_ObjectHideFlags: 0
  m_CorrespondingSourceObject: {fileID: 0}
  m_PrefabInstance: {fileID: 0}
  m_PrefabAsset: {fileID: 0}
  m_GameObject: {fileID: 7216548636585157972}
  m_LocalRotation: {x: 0.010538501, y: 0.008739322, z: 0.005554213, w: 0.99989086}
  m_LocalPosition: {x: 0.07244643, y: -0.013907843, z: 0.031932004}
  m_LocalScale: {x: 1, y: 1, z: 1}
  m_Children:
  - {fileID: 8295851697510844410}
  m_Father: {fileID: 582480814731452269}
  m_RootOrder: 2
  m_LocalEulerAnglesHint: {x: 0, y: 0, z: 0}
--- !u!1 &2132305278853079084
GameObject:
  m_ObjectHideFlags: 0
  m_CorrespondingSourceObject: {fileID: 0}
  m_PrefabInstance: {fileID: 0}
  m_PrefabAsset: {fileID: 0}
  serializedVersion: 6
  m_Component:
  - component: {fileID: 9100600893931440010}
  m_Layer: 0
  m_Name: Right_Ring_Finger_Joint_01c
  m_TagString: Untagged
  m_Icon: {fileID: 0}
  m_NavMeshLayer: 0
  m_StaticEditorFlags: 0
  m_IsActive: 1
--- !u!4 &2221922902532454255
Transform:
  m_ObjectHideFlags: 0
  m_CorrespondingSourceObject: {fileID: 0}
  m_PrefabInstance: {fileID: 0}
  m_PrefabAsset: {fileID: 0}
  m_GameObject: {fileID: 8577938170481409697}
  m_LocalRotation: {x: 0.0007113588, y: 0.0004798609, z: 0.011196686, w: 0.999937}
  m_LocalPosition: {x: -0.04053395, y: -2.3314683e-17, z: 9.922638e-19}
  m_LocalScale: {x: 1, y: 1, z: 1}
  m_Children:
  - {fileID: 8906963750616493462}
  m_Father: {fileID: 3436763941346816036}
  m_RootOrder: 0
  m_LocalEulerAnglesHint: {x: 0, y: 0, z: 0}
--- !u!1 &2263878496525582382
GameObject:
  m_ObjectHideFlags: 0
  m_CorrespondingSourceObject: {fileID: 0}
  m_PrefabInstance: {fileID: 0}
  m_PrefabAsset: {fileID: 0}
  serializedVersion: 6
  m_Component:
  - component: {fileID: 8052736474915940088}
  m_Layer: 0
  m_Name: Right_Thumb_Joint_01a
  m_TagString: Untagged
  m_Icon: {fileID: 0}
  m_NavMeshLayer: 0
  m_StaticEditorFlags: 0
  m_IsActive: 1
--- !u!1 &2319119100478306173
GameObject:
  m_ObjectHideFlags: 0
  m_CorrespondingSourceObject: {fileID: 0}
  m_PrefabInstance: {fileID: 0}
  m_PrefabAsset: {fileID: 0}
  serializedVersion: 6
  m_Component:
  - component: {fileID: 3436763941346816036}
  m_Layer: 0
  m_Name: Left_Index_Finger_Joint_01a
  m_TagString: Untagged
  m_Icon: {fileID: 0}
  m_NavMeshLayer: 0
  m_StaticEditorFlags: 0
  m_IsActive: 1
--- !u!1 &2701086153945994540
GameObject:
  m_ObjectHideFlags: 0
  m_CorrespondingSourceObject: {fileID: 0}
  m_PrefabInstance: {fileID: 0}
  m_PrefabAsset: {fileID: 0}
  serializedVersion: 6
  m_Component:
  - component: {fileID: 8528901380813650410}
  m_Layer: 0
  m_Name: Left_Middle_Finger_Joint_01a
  m_TagString: Untagged
  m_Icon: {fileID: 0}
  m_NavMeshLayer: 0
  m_StaticEditorFlags: 0
  m_IsActive: 1
--- !u!4 &2834700616033916557
Transform:
  m_ObjectHideFlags: 0
  m_CorrespondingSourceObject: {fileID: 0}
  m_PrefabInstance: {fileID: 0}
  m_PrefabAsset: {fileID: 0}
  m_GameObject: {fileID: 8053032001141236985}
  m_LocalRotation: {x: 0.0103124, y: -0.00016005653, z: 0.01551809, w: 0.9998264}
  m_LocalPosition: {x: -0.07212005, y: 0.012475326, z: -0.03323619}
  m_LocalScale: {x: 1, y: 1, z: 1}
  m_Children:
  - {fileID: 7269572229486045660}
  m_Father: {fileID: 2054380970721294493}
  m_RootOrder: 2
  m_LocalEulerAnglesHint: {x: 0, y: 0, z: 0}
--- !u!1 &2919913734502412271
GameObject:
  m_ObjectHideFlags: 0
  m_CorrespondingSourceObject: {fileID: 0}
  m_PrefabInstance: {fileID: 0}
  m_PrefabAsset: {fileID: 0}
  serializedVersion: 6
  m_Component:
  - component: {fileID: 7508786334457824777}
  m_Layer: 0
  m_Name: Left_Pinky_Finger_Joint_01c
  m_TagString: Untagged
  m_Icon: {fileID: 0}
  m_NavMeshLayer: 0
  m_StaticEditorFlags: 0
  m_IsActive: 1
--- !u!1 &2959096998611929074
GameObject:
  m_ObjectHideFlags: 0
  m_CorrespondingSourceObject: {fileID: 0}
  m_PrefabInstance: {fileID: 0}
  m_PrefabAsset: {fileID: 0}
  serializedVersion: 6
  m_Component:
  - component: {fileID: 1044778016365304850}
  m_Layer: 0
  m_Name: Right_Thumb_Joint_01b
  m_TagString: Untagged
  m_Icon: {fileID: 0}
  m_NavMeshLayer: 0
  m_StaticEditorFlags: 0
  m_IsActive: 1
--- !u!1 &3016697305001052464
GameObject:
  m_ObjectHideFlags: 0
  m_CorrespondingSourceObject: {fileID: 0}
  m_PrefabInstance: {fileID: 0}
  m_PrefabAsset: {fileID: 0}
  serializedVersion: 6
  m_Component:
  - component: {fileID: 1614249021335248958}
  m_Layer: 0
  m_Name: Right_Ankle_Joint_01
  m_TagString: Untagged
  m_Icon: {fileID: 0}
  m_NavMeshLayer: 0
  m_StaticEditorFlags: 0
  m_IsActive: 1
--- !u!4 &3019434826819739849
Transform:
  m_ObjectHideFlags: 0
  m_CorrespondingSourceObject: {fileID: 0}
  m_PrefabInstance: {fileID: 0}
  m_PrefabAsset: {fileID: 0}
  m_GameObject: {fileID: 880145717070502222}
  m_LocalRotation: {x: 0.0006498135, y: 0.00044095775, z: 0.010304517, w: 0.9999466}
  m_LocalPosition: {x: -0.044052828, y: 2.220446e-18, z: 1.3147821e-18}
  m_LocalScale: {x: 1, y: 1, z: 1}
  m_Children:
  - {fileID: 1735580576926665429}
  m_Father: {fileID: 8528901380813650410}
  m_RootOrder: 0
  m_LocalEulerAnglesHint: {x: 0, y: 0, z: 0}
--- !u!4 &3156614189358199050
Transform:
  m_ObjectHideFlags: 0
  m_CorrespondingSourceObject: {fileID: 0}
  m_PrefabInstance: {fileID: 0}
  m_PrefabAsset: {fileID: 0}
  m_GameObject: {fileID: 1135250923247632643}
  m_LocalRotation: {x: 0.037740186, y: 0.9992876, z: 5.5119633e-17, w: 1.6300862e-16}
  m_LocalPosition: {x: 0.028992068, y: -0.0025938721, z: 1.22991095e-17}
  m_LocalScale: {x: 1, y: 1, z: 1}
  m_Children:
  - {fileID: 7418978514901548784}
  - {fileID: 8122890845493981680}
  m_Father: {fileID: 7833665857418730517}
  m_RootOrder: 0
  m_LocalEulerAnglesHint: {x: 0, y: 0, z: 0}
--- !u!1 &3229363184277405960
GameObject:
  m_ObjectHideFlags: 0
  m_CorrespondingSourceObject: {fileID: 0}
  m_PrefabInstance: {fileID: 0}
  m_PrefabAsset: {fileID: 0}
  serializedVersion: 6
  m_Component:
  - component: {fileID: 1321354938350380352}
  m_Layer: 0
  m_Name: Right_Knee_Joint_01
  m_TagString: Untagged
  m_Icon: {fileID: 0}
  m_NavMeshLayer: 0
  m_StaticEditorFlags: 0
  m_IsActive: 1
--- !u!1 &3232088369047553113
GameObject:
  m_ObjectHideFlags: 0
  m_CorrespondingSourceObject: {fileID: 0}
  m_PrefabInstance: {fileID: 0}
  m_PrefabAsset: {fileID: 0}
  serializedVersion: 6
  m_Component:
  - component: {fileID: 4962745281465728465}
  m_Layer: 0
  m_Name: Right_Ring_Finger_Joint_01a
  m_TagString: Untagged
  m_Icon: {fileID: 0}
  m_NavMeshLayer: 0
  m_StaticEditorFlags: 0
  m_IsActive: 1
--- !u!4 &3436763941346816036
Transform:
  m_ObjectHideFlags: 0
  m_CorrespondingSourceObject: {fileID: 0}
  m_PrefabInstance: {fileID: 0}
  m_PrefabAsset: {fileID: 0}
  m_GameObject: {fileID: 2319119100478306173}
  m_LocalRotation: {x: 0.010312937, y: -0.00012049041, z: 0.011682004, w: 0.9998786}
  m_LocalPosition: {x: -0.07013222, y: 0.012475326, z: 0.025505245}
  m_LocalScale: {x: 1, y: 1, z: 1}
  m_Children:
  - {fileID: 2221922902532454255}
  m_Father: {fileID: 2054380970721294493}
  m_RootOrder: 0
  m_LocalEulerAnglesHint: {x: 0, y: 0, z: 0}
--- !u!111 &3506690171034330350
Animation:
  m_ObjectHideFlags: 0
  m_CorrespondingSourceObject: {fileID: 0}
  m_PrefabInstance: {fileID: 0}
  m_PrefabAsset: {fileID: 0}
  m_GameObject: {fileID: 8296172667499178854}
  m_Enabled: 1
  serializedVersion: 3
  m_Animation: {fileID: 0}
  m_Animations: []
  m_WrapMode: 0
  m_PlayAutomatically: 1
  m_AnimatePhysics: 0
  m_CullingType: 1
--- !u!4 &3570149867887628066
Transform:
  m_ObjectHideFlags: 0
  m_CorrespondingSourceObject: {fileID: 0}
  m_PrefabInstance: {fileID: 0}
  m_PrefabAsset: {fileID: 0}
  m_GameObject: {fileID: 5100897739823802495}
  m_LocalRotation: {x: -0.0008169309, y: -0.05782889, z: 0.36165696, w: 0.93051565}
  m_LocalPosition: {x: 0.063585564, y: 2.842171e-16, z: -0.000000039259945}
  m_LocalScale: {x: 1, y: 1, z: 1}
  m_Children:
  - {fileID: 3736362900167209102}
  m_Father: {fileID: 6448526885257794074}
  m_RootOrder: 0
  m_LocalEulerAnglesHint: {x: 0, y: 0, z: 0}
--- !u!1 &3632769342513659011
GameObject:
  m_ObjectHideFlags: 0
  m_CorrespondingSourceObject: {fileID: 0}
  m_PrefabInstance: {fileID: 0}
  m_PrefabAsset: {fileID: 0}
  serializedVersion: 6
  m_Component:
  - component: {fileID: 7418978514901548784}
  m_Layer: 0
  m_Name: Left_Thigh_Joint_01
  m_TagString: Untagged
  m_Icon: {fileID: 0}
  m_NavMeshLayer: 0
  m_StaticEditorFlags: 0
  m_IsActive: 1
--- !u!4 &3736362900167209102
Transform:
  m_ObjectHideFlags: 0
  m_CorrespondingSourceObject: {fileID: 0}
  m_PrefabInstance: {fileID: 0}
  m_PrefabAsset: {fileID: 0}
  m_GameObject: {fileID: 1111829679808813836}
  m_LocalRotation: {x: 0.7767065, y: 0.18686023, z: -0.025670227, w: 0.60095865}
  m_LocalPosition: {x: 0.24062023, y: 0.0051437393, z: -0.012117967}
  m_LocalScale: {x: 1, y: 1, z: 1}
  m_Children:
  - {fileID: 582480814731452269}
  m_Father: {fileID: 3570149867887628066}
  m_RootOrder: 0
  m_LocalEulerAnglesHint: {x: 0, y: 0, z: 0}
--- !u!4 &3790710495555543559
Transform:
  m_ObjectHideFlags: 0
  m_CorrespondingSourceObject: {fileID: 0}
  m_PrefabInstance: {fileID: 0}
  m_PrefabAsset: {fileID: 0}
  m_GameObject: {fileID: 1291684620022921438}
  m_LocalRotation: {x: 0.000000012219929, y: -0.000000004148106, z: -0.3214394, w: 0.94693017}
  m_LocalPosition: {x: 0.13787201, y: 0.00000006441087, z: -3.5527136e-17}
  m_LocalScale: {x: 1, y: 1, z: 1}
  m_Children: []
  m_Father: {fileID: 1614249021335248958}
  m_RootOrder: 0
  m_LocalEulerAnglesHint: {x: 0, y: 0, z: 0}
--- !u!4 &3884189307182912624
Transform:
  m_ObjectHideFlags: 0
  m_CorrespondingSourceObject: {fileID: 0}
  m_PrefabInstance: {fileID: 0}
  m_PrefabAsset: {fileID: 0}
  m_GameObject: {fileID: 7891025642458529122}
  m_LocalRotation: {x: 0, y: -0, z: -0.009375348, w: 0.9999561}
  m_LocalPosition: {x: -0.08024527, y: 0.00062167255, z: -9.82317e-18}
  m_LocalScale: {x: 1, y: 1, z: 1}
  m_Children:
  - {fileID: 1451524594205331538}
  - {fileID: 8572989240431452288}
  - {fileID: 6448526885257794074}
  m_Father: {fileID: 7833665857418730517}
  m_RootOrder: 1
  m_LocalEulerAnglesHint: {x: 0, y: 0, z: 0}
--- !u!1 &4633782299689859653
GameObject:
  m_ObjectHideFlags: 0
  m_CorrespondingSourceObject: {fileID: 0}
  m_PrefabInstance: {fileID: 0}
  m_PrefabAsset: {fileID: 0}
  serializedVersion: 6
  m_Component:
  - component: {fileID: 7722391352391241924}
  m_Layer: 0
  m_Name: Right_Pinky_Finger_Joint_01c
  m_TagString: Untagged
  m_Icon: {fileID: 0}
  m_NavMeshLayer: 0
  m_StaticEditorFlags: 0
  m_IsActive: 1
--- !u!1 &4862954121046090314
GameObject:
  m_ObjectHideFlags: 0
  m_CorrespondingSourceObject: {fileID: 0}
  m_PrefabInstance: {fileID: 0}
  m_PrefabAsset: {fileID: 0}
  serializedVersion: 6
  m_Component:
  - component: {fileID: 1678630945271257685}
  m_Layer: 0
  m_Name: Right_Index_Finger_Joint_01b
  m_TagString: Untagged
  m_Icon: {fileID: 0}
  m_NavMeshLayer: 0
  m_StaticEditorFlags: 0
  m_IsActive: 1
--- !u!4 &4962745281465728465
Transform:
  m_ObjectHideFlags: 0
  m_CorrespondingSourceObject: {fileID: 0}
  m_PrefabInstance: {fileID: 0}
  m_PrefabAsset: {fileID: 0}
  m_GameObject: {fileID: 3232088369047553113}
  m_LocalRotation: {x: 0.01051078, y: 0.008772642, z: 0.0023886247, w: 0.99990344}
  m_LocalPosition: {x: 0.07225248, y: -0.0139042325, z: 0.013558211}
  m_LocalScale: {x: 1, y: 1, z: 1}
  m_Children:
  - {fileID: 7922099666454858493}
  m_Father: {fileID: 582480814731452269}
  m_RootOrder: 3
  m_LocalEulerAnglesHint: {x: 0, y: 0, z: 0}
--- !u!4 &5006512736490822005
Transform:
  m_ObjectHideFlags: 0
  m_CorrespondingSourceObject: {fileID: 0}
  m_PrefabInstance: {fileID: 0}
  m_PrefabAsset: {fileID: 0}
  m_GameObject: {fileID: 8296172667499178854}
  m_LocalRotation: {x: 0, y: 1, z: 0, w: 0}
  m_LocalPosition: {x: 0, y: 0, z: 0}
  m_LocalScale: {x: 1, y: 1, z: 1}
  m_Children:
  - {fileID: 8918989076855044528}
  - {fileID: 7833665857418730517}
  m_Father: {fileID: 1970041141}
  m_RootOrder: 0
  m_LocalEulerAnglesHint: {x: 0, y: 180, z: 0}
--- !u!1 &5100897739823802495
GameObject:
  m_ObjectHideFlags: 0
  m_CorrespondingSourceObject: {fileID: 0}
  m_PrefabInstance: {fileID: 0}
  m_PrefabAsset: {fileID: 0}
  serializedVersion: 6
  m_Component:
  - component: {fileID: 3570149867887628066}
  m_Layer: 0
  m_Name: Right_Upper_Arm_Joint_01
  m_TagString: Untagged
  m_Icon: {fileID: 0}
  m_NavMeshLayer: 0
  m_StaticEditorFlags: 0
  m_IsActive: 1
--- !u!1 &5120931691877433191
GameObject:
  m_ObjectHideFlags: 0
  m_CorrespondingSourceObject: {fileID: 0}
  m_PrefabInstance: {fileID: 0}
  m_PrefabAsset: {fileID: 0}
  serializedVersion: 6
  m_Component:
  - component: {fileID: 1451524594205331538}
  m_Layer: 0
  m_Name: Left_Shoulder_Joint_01
  m_TagString: Untagged
  m_Icon: {fileID: 0}
  m_NavMeshLayer: 0
  m_StaticEditorFlags: 0
  m_IsActive: 1
--- !u!4 &5366664436489919196
Transform:
  m_ObjectHideFlags: 0
  m_CorrespondingSourceObject: {fileID: 0}
  m_PrefabInstance: {fileID: 0}
  m_PrefabAsset: {fileID: 0}
  m_GameObject: {fileID: 6852423928153664999}
  m_LocalRotation: {x: 0.010504893, y: 0.00877969, z: 0.0017179537, w: 0.9999048}
  m_LocalPosition: {x: 0.06940201, y: -0.013847475, z: -0.026764035}
  m_LocalScale: {x: 1, y: 1, z: 1}
  m_Children:
  - {fileID: 1678630945271257685}
  m_Father: {fileID: 582480814731452269}
  m_RootOrder: 0
  m_LocalEulerAnglesHint: {x: 0, y: 0, z: 0}
--- !u!1 &5378792254135800844
GameObject:
  m_ObjectHideFlags: 0
  m_CorrespondingSourceObject: {fileID: 0}
  m_PrefabInstance: {fileID: 0}
  m_PrefabAsset: {fileID: 0}
  serializedVersion: 6
  m_Component:
  - component: {fileID: 1735580576926665429}
  m_Layer: 0
  m_Name: Left_Middle_Finger_Joint_01c
  m_TagString: Untagged
  m_Icon: {fileID: 0}
  m_NavMeshLayer: 0
  m_StaticEditorFlags: 0
  m_IsActive: 1
--- !u!4 &5639563196527263376
Transform:
  m_ObjectHideFlags: 0
  m_CorrespondingSourceObject: {fileID: 0}
  m_PrefabInstance: {fileID: 0}
  m_PrefabAsset: {fileID: 0}
  m_GameObject: {fileID: 5871227606544276486}
  m_LocalRotation: {x: 0.0006498135, y: 0.00044095775, z: 0.010304517, w: 0.9999466}
  m_LocalPosition: {x: 0.044053018, y: 0.0000006337014, z: -0.000000019575731}
  m_LocalScale: {x: 1, y: 1, z: 1}
  m_Children:
  - {fileID: 1711823965256878525}
  m_Father: {fileID: 474934589300678234}
  m_RootOrder: 0
  m_LocalEulerAnglesHint: {x: 0, y: 0, z: 0}
--- !u!1 &5871227606544276486
GameObject:
  m_ObjectHideFlags: 0
  m_CorrespondingSourceObject: {fileID: 0}
  m_PrefabInstance: {fileID: 0}
  m_PrefabAsset: {fileID: 0}
  serializedVersion: 6
  m_Component:
  - component: {fileID: 5639563196527263376}
  m_Layer: 0
  m_Name: Right_Middle_Finger_Joint_01b
  m_TagString: Untagged
  m_Icon: {fileID: 0}
  m_NavMeshLayer: 0
  m_StaticEditorFlags: 0
  m_IsActive: 1
--- !u!4 &6028505105446423185
Transform:
  m_ObjectHideFlags: 0
  m_CorrespondingSourceObject: {fileID: 0}
  m_PrefabInstance: {fileID: 0}
  m_PrefabAsset: {fileID: 0}
  m_GameObject: {fileID: 1611508160570883522}
  m_LocalRotation: {x: 0.114033155, y: 0.00978106, z: 0.4396459, w: 0.89084923}
  m_LocalPosition: {x: -0.06358527, y: 0, z: -3.1086245e-17}
  m_LocalScale: {x: 1, y: 1, z: 1}
  m_Children:
  - {fileID: 6821409276993654255}
  m_Father: {fileID: 1451524594205331538}
  m_RootOrder: 0
  m_LocalEulerAnglesHint: {x: 0, y: 0, z: 0}
--- !u!1 &6227486263877616118
GameObject:
  m_ObjectHideFlags: 0
  m_CorrespondingSourceObject: {fileID: 0}
  m_PrefabInstance: {fileID: 0}
  m_PrefabAsset: {fileID: 0}
  serializedVersion: 6
  m_Component:
  - component: {fileID: 8295851697510844410}
  m_Layer: 0
  m_Name: Right_Pinky_Finger_Joint_01b
  m_TagString: Untagged
  m_Icon: {fileID: 0}
  m_NavMeshLayer: 0
  m_StaticEditorFlags: 0
  m_IsActive: 1
--- !u!1 &6403669466960308456
GameObject:
  m_ObjectHideFlags: 0
  m_CorrespondingSourceObject: {fileID: 0}
  m_PrefabInstance: {fileID: 0}
  m_PrefabAsset: {fileID: 0}
  serializedVersion: 6
  m_Component:
  - component: {fileID: 8122890845493981680}
  m_Layer: 0
  m_Name: Right_Thigh_Joint_01
  m_TagString: Untagged
  m_Icon: {fileID: 0}
  m_NavMeshLayer: 0
  m_StaticEditorFlags: 0
  m_IsActive: 1
--- !u!4 &6448526885257794074
Transform:
  m_ObjectHideFlags: 0
  m_CorrespondingSourceObject: {fileID: 0}
  m_PrefabInstance: {fileID: 0}
  m_PrefabAsset: {fileID: 0}
  m_GameObject: {fileID: 6853154739142803790}
  m_LocalRotation: {x: 0.44783446, y: 0.41058227, z: -0.5854563, w: 0.53675634}
  m_LocalPosition: {x: -0.24796993, y: -0.01896791, z: -0.13130699}
  m_LocalScale: {x: 1, y: 1, z: 1}
  m_Children:
  - {fileID: 3570149867887628066}
  m_Father: {fileID: 3884189307182912624}
  m_RootOrder: 2
  m_LocalEulerAnglesHint: {x: 0, y: 0, z: 0}
--- !u!4 &6475180735174145613
Transform:
  m_ObjectHideFlags: 0
  m_CorrespondingSourceObject: {fileID: 0}
  m_PrefabInstance: {fileID: 0}
  m_PrefabAsset: {fileID: 0}
  m_GameObject: {fileID: 7956969179652703991}
  m_LocalRotation: {x: -0.011016605, y: -0.0002521592, z: -0.022881629, w: 0.9996775}
  m_LocalPosition: {x: 0.022944802, y: -0.00000007977574, z: -0.00000007166869}
  m_LocalScale: {x: 1, y: 1, z: 1}
  m_Children: []
  m_Father: {fileID: 1678630945271257685}
  m_RootOrder: 0
  m_LocalEulerAnglesHint: {x: 0, y: 0, z: 0}
--- !u!1 &6644024187784456318
GameObject:
  m_ObjectHideFlags: 0
  m_CorrespondingSourceObject: {fileID: 0}
  m_PrefabInstance: {fileID: 0}
  m_PrefabAsset: {fileID: 0}
  serializedVersion: 6
  m_Component:
  - component: {fileID: 7922099666454858493}
  m_Layer: 0
  m_Name: Right_Ring_Finger_Joint_01b
  m_TagString: Untagged
  m_Icon: {fileID: 0}
  m_NavMeshLayer: 0
  m_StaticEditorFlags: 0
  m_IsActive: 1
--- !u!1 &6675616617097248652
GameObject:
  m_ObjectHideFlags: 0
  m_CorrespondingSourceObject: {fileID: 0}
  m_PrefabInstance: {fileID: 0}
  m_PrefabAsset: {fileID: 0}
  serializedVersion: 6
  m_Component:
  - component: {fileID: 582480814731452269}
  m_Layer: 0
  m_Name: Right_Wrist_Joint_01
  m_TagString: Untagged
  m_Icon: {fileID: 0}
  m_NavMeshLayer: 0
  m_StaticEditorFlags: 0
  m_IsActive: 1
--- !u!4 &6821409276993654255
Transform:
  m_ObjectHideFlags: 0
  m_CorrespondingSourceObject: {fileID: 0}
  m_PrefabInstance: {fileID: 0}
  m_PrefabAsset: {fileID: 0}
  m_GameObject: {fileID: 40631837664665562}
  m_LocalRotation: {x: -0.05499202, y: 0.10791634, z: -0.45085245, w: 0.88434273}
  m_LocalPosition: {x: -0.2383711, y: 0.03532467, z: -0.0012605645}
  m_LocalScale: {x: 1, y: 1, z: 1}
  m_Children:
  - {fileID: 2054380970721294493}
  m_Father: {fileID: 6028505105446423185}
  m_RootOrder: 0
  m_LocalEulerAnglesHint: {x: 0, y: 0, z: 0}
--- !u!1 &6852423928153664999
GameObject:
  m_ObjectHideFlags: 0
  m_CorrespondingSourceObject: {fileID: 0}
  m_PrefabInstance: {fileID: 0}
  m_PrefabAsset: {fileID: 0}
  serializedVersion: 6
  m_Component:
  - component: {fileID: 5366664436489919196}
  m_Layer: 0
  m_Name: Right_Index_Finger_Joint_01a
  m_TagString: Untagged
  m_Icon: {fileID: 0}
  m_NavMeshLayer: 0
  m_StaticEditorFlags: 0
  m_IsActive: 1
--- !u!1 &6853154739142803790
GameObject:
  m_ObjectHideFlags: 0
  m_CorrespondingSourceObject: {fileID: 0}
  m_PrefabInstance: {fileID: 0}
  m_PrefabAsset: {fileID: 0}
  serializedVersion: 6
  m_Component:
  - component: {fileID: 6448526885257794074}
  m_Layer: 0
  m_Name: Right_Shoulder_Joint_01
  m_TagString: Untagged
  m_Icon: {fileID: 0}
  m_NavMeshLayer: 0
  m_StaticEditorFlags: 0
  m_IsActive: 1
--- !u!1 &6899100896814444426
GameObject:
  m_ObjectHideFlags: 0
  m_CorrespondingSourceObject: {fileID: 0}
  m_PrefabInstance: {fileID: 0}
  m_PrefabAsset: {fileID: 0}
  serializedVersion: 6
  m_Component:
  - component: {fileID: 8572989240431452288}
  m_Layer: 0
  m_Name: Neck
  m_TagString: Untagged
  m_Icon: {fileID: 0}
  m_NavMeshLayer: 0
  m_StaticEditorFlags: 0
  m_IsActive: 1
--- !u!1 &7025108547152591257
GameObject:
  m_ObjectHideFlags: 0
  m_CorrespondingSourceObject: {fileID: 0}
  m_PrefabInstance: {fileID: 0}
  m_PrefabAsset: {fileID: 0}
  serializedVersion: 6
  m_Component:
  - component: {fileID: 8266458007435904377}
  m_Layer: 0
  m_Name: Left_Toe_Joint_01
  m_TagString: Untagged
  m_Icon: {fileID: 0}
  m_NavMeshLayer: 0
  m_StaticEditorFlags: 0
  m_IsActive: 1
--- !u!1 &7111752163424490975
GameObject:
  m_ObjectHideFlags: 0
  m_CorrespondingSourceObject: {fileID: 0}
  m_PrefabInstance: {fileID: 0}
  m_PrefabAsset: {fileID: 0}
  serializedVersion: 6
  m_Component:
  - component: {fileID: 8906963750616493462}
  m_Layer: 0
  m_Name: Left_Index_Finger_Joint_01c
  m_TagString: Untagged
  m_Icon: {fileID: 0}
  m_NavMeshLayer: 0
  m_StaticEditorFlags: 0
  m_IsActive: 1
--- !u!1 &7216548636585157972
GameObject:
  m_ObjectHideFlags: 0
  m_CorrespondingSourceObject: {fileID: 0}
  m_PrefabInstance: {fileID: 0}
  m_PrefabAsset: {fileID: 0}
  serializedVersion: 6
  m_Component:
  - component: {fileID: 2108675994489271963}
  m_Layer: 0
  m_Name: Right_Pinky_Finger_Joint_01a
  m_TagString: Untagged
  m_Icon: {fileID: 0}
  m_NavMeshLayer: 0
  m_StaticEditorFlags: 0
  m_IsActive: 1
--- !u!4 &7269572229486045660
Transform:
  m_ObjectHideFlags: 0
  m_CorrespondingSourceObject: {fileID: 0}
  m_PrefabInstance: {fileID: 0}
  m_PrefabAsset: {fileID: 0}
  m_GameObject: {fileID: 7681419120500363518}
  m_LocalRotation: {x: 0.0009738356, y: 0.00064097386, z: 0.014862133, w: 0.9998889}
  m_LocalPosition: {x: -0.030515512, y: -3.1502578e-17, z: 2.4720094e-18}
  m_LocalScale: {x: 1, y: 1, z: 1}
  m_Children:
  - {fileID: 7508786334457824777}
  m_Father: {fileID: 2834700616033916557}
  m_RootOrder: 0
  m_LocalEulerAnglesHint: {x: 0, y: 0, z: 0}
--- !u!4 &7418978514901548784
Transform:
  m_ObjectHideFlags: 0
  m_CorrespondingSourceObject: {fileID: 0}
  m_PrefabInstance: {fileID: 0}
  m_PrefabAsset: {fileID: 0}
  m_GameObject: {fileID: 3632769342513659011}
  m_LocalRotation: {x: 0.9957005, y: 0.09263137, z: 6.7376925e-17, w: 7.2423885e-16}
  m_LocalPosition: {x: -0.12213361, y: 0.011331997, z: -0.068905555}
  m_LocalScale: {x: 1, y: 1, z: 1}
  m_Children:
  - {fileID: 8166552636118352720}
  m_Father: {fileID: 3156614189358199050}
  m_RootOrder: 0
  m_LocalEulerAnglesHint: {x: 0, y: 0, z: 0}
--- !u!4 &7508786334457824777
Transform:
  m_ObjectHideFlags: 0
  m_CorrespondingSourceObject: {fileID: 0}
  m_PrefabInstance: {fileID: 0}
  m_PrefabAsset: {fileID: 0}
  m_GameObject: {fileID: 2919913734502412271}
  m_LocalRotation: {x: -0.011272594, y: -0.00034267167, z: -0.030382684, w: 0.9994747}
  m_LocalPosition: {x: -0.017283713, y: -3.8666223e-16, z: 1.5274239e-17}
  m_LocalScale: {x: 1, y: 1, z: 1}
  m_Children: []
  m_Father: {fileID: 7269572229486045660}
  m_RootOrder: 0
  m_LocalEulerAnglesHint: {x: 0, y: 0, z: 0}
--- !u!137 &7574153652613171213
SkinnedMeshRenderer:
  m_ObjectHideFlags: 0
  m_CorrespondingSourceObject: {fileID: 0}
  m_PrefabInstance: {fileID: 0}
  m_PrefabAsset: {fileID: 0}
  m_GameObject: {fileID: 399063148509828447}
  m_Enabled: 1
  m_CastShadows: 1
  m_ReceiveShadows: 1
  m_DynamicOccludee: 1
  m_MotionVectors: 1
  m_LightProbeUsage: 1
  m_ReflectionProbeUsage: 1
  m_RayTracingMode: 3
  m_RayTraceProcedural: 0
  m_RenderingLayerMask: 1
  m_RendererPriority: 0
  m_Materials:
  - {fileID: 2100000, guid: 0aa851515cd3747d6b3b3e461199a2ed, type: 2}
  m_StaticBatchInfo:
    firstSubMesh: 0
    subMeshCount: 0
  m_StaticBatchRoot: {fileID: 0}
  m_ProbeAnchor: {fileID: 0}
  m_LightProbeVolumeOverride: {fileID: 0}
  m_ScaleInLightmap: 1
  m_ReceiveGI: 1
  m_PreserveUVs: 0
  m_IgnoreNormalsForChartDetection: 0
  m_ImportantGI: 0
  m_StitchLightmapSeams: 1
  m_SelectedEditorRenderState: 3
  m_MinimumChartSize: 4
  m_AutoUVMaxDistance: 0.5
  m_AutoUVMaxAngle: 89
  m_LightmapParameters: {fileID: 0}
  m_SortingLayerID: 0
  m_SortingLayer: 0
  m_SortingOrder: 0
  serializedVersion: 2
  m_Quality: 0
  m_UpdateWhenOffscreen: 0
  m_SkinnedMotionVectors: 1
  m_Mesh: {fileID: 4300000, guid: 320b1c2af77554f99a1658df4a6d3d5c, type: 3}
  m_Bones:
  - {fileID: 3884189307182912624}
  - {fileID: 8572989240431452288}
  - {fileID: 1707243785841508808}
  - {fileID: 1451524594205331538}
  - {fileID: 6028505105446423185}
  - {fileID: 6821409276993654255}
  - {fileID: 2054380970721294493}
  - {fileID: 3436763941346816036}
  - {fileID: 2221922902532454255}
  - {fileID: 8906963750616493462}
  - {fileID: 8528901380813650410}
  - {fileID: 3019434826819739849}
  - {fileID: 1735580576926665429}
  - {fileID: 8519910122940799237}
  - {fileID: 8048083271663578315}
  - {fileID: 1555423235432396480}
  - {fileID: 2834700616033916557}
  - {fileID: 7269572229486045660}
  - {fileID: 7508786334457824777}
  - {fileID: 402061865876019171}
  - {fileID: 665531311737819812}
  - {fileID: 6448526885257794074}
  - {fileID: 3570149867887628066}
  - {fileID: 3736362900167209102}
  - {fileID: 582480814731452269}
  - {fileID: 5366664436489919196}
  - {fileID: 1678630945271257685}
  - {fileID: 6475180735174145613}
  - {fileID: 474934589300678234}
  - {fileID: 5639563196527263376}
  - {fileID: 1711823965256878525}
  - {fileID: 4962745281465728465}
  - {fileID: 7922099666454858493}
  - {fileID: 9100600893931440010}
  - {fileID: 2108675994489271963}
  - {fileID: 8295851697510844410}
  - {fileID: 7722391352391241924}
  - {fileID: 8052736474915940088}
  - {fileID: 1044778016365304850}
  - {fileID: 3156614189358199050}
  - {fileID: 7418978514901548784}
  - {fileID: 8166552636118352720}
  - {fileID: 794528500193825732}
  - {fileID: 8266458007435904377}
  - {fileID: 8122890845493981680}
  - {fileID: 1321354938350380352}
  - {fileID: 1614249021335248958}
  - {fileID: 3790710495555543559}
  m_BlendShapeWeights: []
  m_RootBone: {fileID: 3884189307182912624}
  m_AABB:
    m_Center: {x: 0.27024603, y: -0.041899905, z: -0.000000059604645}
    m_Extent: {x: 0.95254505, y: 0.23127724, z: 0.6514181}
  m_DirtyAABB: 0
--- !u!1 &7610233369484439144
GameObject:
  m_ObjectHideFlags: 0
  m_CorrespondingSourceObject: {fileID: 0}
  m_PrefabInstance: {fileID: 0}
  m_PrefabAsset: {fileID: 0}
  serializedVersion: 6
  m_Component:
  - component: {fileID: 2054380970721294493}
  m_Layer: 0
  m_Name: Left_Wrist_Joint_01
  m_TagString: Untagged
  m_Icon: {fileID: 0}
  m_NavMeshLayer: 0
  m_StaticEditorFlags: 0
  m_IsActive: 1
--- !u!1 &7681419120500363518
GameObject:
  m_ObjectHideFlags: 0
  m_CorrespondingSourceObject: {fileID: 0}
  m_PrefabInstance: {fileID: 0}
  m_PrefabAsset: {fileID: 0}
  serializedVersion: 6
  m_Component:
  - component: {fileID: 7269572229486045660}
  m_Layer: 0
  m_Name: Left_Pinky_Finger_Joint_01b
  m_TagString: Untagged
  m_Icon: {fileID: 0}
  m_NavMeshLayer: 0
  m_StaticEditorFlags: 0
  m_IsActive: 1
--- !u!4 &7722391352391241924
Transform:
  m_ObjectHideFlags: 0
  m_CorrespondingSourceObject: {fileID: 0}
  m_PrefabInstance: {fileID: 0}
  m_PrefabAsset: {fileID: 0}
  m_GameObject: {fileID: 4633782299689859653}
  m_LocalRotation: {x: -0.011272594, y: -0.00034267167, z: -0.030382684, w: 0.9994747}
  m_LocalPosition: {x: 0.017282948, y: -0.00000019535615, z: 0.000000014650439}
  m_LocalScale: {x: 1, y: 1, z: 1}
  m_Children: []
  m_Father: {fileID: 8295851697510844410}
  m_RootOrder: 0
  m_LocalEulerAnglesHint: {x: 0, y: 0, z: 0}
--- !u!4 &7833665857418730517
Transform:
  m_ObjectHideFlags: 0
  m_CorrespondingSourceObject: {fileID: 0}
  m_PrefabInstance: {fileID: 0}
  m_PrefabAsset: {fileID: 0}
  m_GameObject: {fileID: 1121063751921734360}
  m_LocalRotation: {x: 0.47294456, y: -0.52566475, z: -0.47294456, w: 0.52566475}
  m_LocalPosition: {x: -2.1878564e-33, y: 1.0628308, z: 0.035129853}
  m_LocalScale: {x: 1, y: 1, z: 1}
  m_Children:
  - {fileID: 3156614189358199050}
  - {fileID: 3884189307182912624}
  m_Father: {fileID: 5006512736490822005}
  m_RootOrder: 1
  m_LocalEulerAnglesHint: {x: 0, y: 0, z: 0}
--- !u!1 &7891025642458529122
GameObject:
  m_ObjectHideFlags: 0
  m_CorrespondingSourceObject: {fileID: 0}
  m_PrefabInstance: {fileID: 0}
  m_PrefabAsset: {fileID: 0}
  serializedVersion: 6
  m_Component:
  - component: {fileID: 3884189307182912624}
  m_Layer: 0
  m_Name: Ribs
  m_TagString: Untagged
  m_Icon: {fileID: 0}
  m_NavMeshLayer: 0
  m_StaticEditorFlags: 0
  m_IsActive: 1
--- !u!4 &7922099666454858493
Transform:
  m_ObjectHideFlags: 0
  m_CorrespondingSourceObject: {fileID: 0}
  m_PrefabInstance: {fileID: 0}
  m_PrefabAsset: {fileID: 0}
  m_GameObject: {fileID: 6644024187784456318}
  m_LocalRotation: {x: 0.0007561775, y: 0.00050791446, z: 0.011838988, w: 0.99992955}
  m_LocalPosition: {x: 0.03833457, y: -0.00000014894434, z: 0.000000029383655}
  m_LocalScale: {x: 1, y: 1, z: 1}
  m_Children:
  - {fileID: 9100600893931440010}
  m_Father: {fileID: 4962745281465728465}
  m_RootOrder: 0
  m_LocalEulerAnglesHint: {x: 0, y: 0, z: 0}
--- !u!1 &7956969179652703991
GameObject:
  m_ObjectHideFlags: 0
  m_CorrespondingSourceObject: {fileID: 0}
  m_PrefabInstance: {fileID: 0}
  m_PrefabAsset: {fileID: 0}
  serializedVersion: 6
  m_Component:
  - component: {fileID: 6475180735174145613}
  m_Layer: 0
  m_Name: Right_Index_Finger_Joint_01c
  m_TagString: Untagged
  m_Icon: {fileID: 0}
  m_NavMeshLayer: 0
  m_StaticEditorFlags: 0
  m_IsActive: 1
--- !u!1 &8023923066144142523
GameObject:
  m_ObjectHideFlags: 0
  m_CorrespondingSourceObject: {fileID: 0}
  m_PrefabInstance: {fileID: 0}
  m_PrefabAsset: {fileID: 0}
  serializedVersion: 6
  m_Component:
  - component: {fileID: 8048083271663578315}
  m_Layer: 0
  m_Name: Left_Ring_Finger_Joint_01b
  m_TagString: Untagged
  m_Icon: {fileID: 0}
  m_NavMeshLayer: 0
  m_StaticEditorFlags: 0
  m_IsActive: 1
--- !u!4 &8048083271663578315
Transform:
  m_ObjectHideFlags: 0
  m_CorrespondingSourceObject: {fileID: 0}
  m_PrefabInstance: {fileID: 0}
  m_PrefabAsset: {fileID: 0}
  m_GameObject: {fileID: 8023923066144142523}
  m_LocalRotation: {x: 0.0007561775, y: 0.00050791446, z: 0.011838988, w: 0.99992955}
  m_LocalPosition: {x: -0.038333587, y: -2.4980017e-18, z: 4.4126392e-18}
  m_LocalScale: {x: 1, y: 1, z: 1}
  m_Children:
  - {fileID: 1555423235432396480}
  m_Father: {fileID: 8519910122940799237}
  m_RootOrder: 0
  m_LocalEulerAnglesHint: {x: 0, y: 0, z: 0}
--- !u!4 &8052736474915940088
Transform:
  m_ObjectHideFlags: 0
  m_CorrespondingSourceObject: {fileID: 0}
  m_PrefabInstance: {fileID: 0}
  m_PrefabAsset: {fileID: 0}
  m_GameObject: {fileID: 2263878496525582382}
  m_LocalRotation: {x: 0.4233163, y: 0.3750433, z: -0.09540078, w: 0.8191731}
  m_LocalPosition: {x: 0.046120938, y: 0.0039559877, z: -0.04782508}
  m_LocalScale: {x: 1, y: 1, z: 1}
  m_Children:
  - {fileID: 1044778016365304850}
  m_Father: {fileID: 582480814731452269}
  m_RootOrder: 4
  m_LocalEulerAnglesHint: {x: 0, y: 0, z: 0}
--- !u!1 &8053032001141236985
GameObject:
  m_ObjectHideFlags: 0
  m_CorrespondingSourceObject: {fileID: 0}
  m_PrefabInstance: {fileID: 0}
  m_PrefabAsset: {fileID: 0}
  serializedVersion: 6
  m_Component:
  - component: {fileID: 2834700616033916557}
  m_Layer: 0
  m_Name: Left_Pinky_Finger_Joint_01a
  m_TagString: Untagged
  m_Icon: {fileID: 0}
  m_NavMeshLayer: 0
  m_StaticEditorFlags: 0
  m_IsActive: 1
--- !u!4 &8122890845493981680
Transform:
  m_ObjectHideFlags: 0
  m_CorrespondingSourceObject: {fileID: 0}
  m_PrefabInstance: {fileID: 0}
  m_PrefabAsset: {fileID: 0}
  m_GameObject: {fileID: 6403669466960308456}
  m_LocalRotation: {x: 0, y: 0, z: 0.9957005, w: -0.09263137}
  m_LocalPosition: {x: -0.1221335, y: 0.011331954, z: 0.0689056}
  m_LocalScale: {x: 1, y: 1, z: 1}
  m_Children:
  - {fileID: 1321354938350380352}
  m_Father: {fileID: 3156614189358199050}
  m_RootOrder: 1
  m_LocalEulerAnglesHint: {x: 0, y: 0, z: 0}
--- !u!4 &8166552636118352720
Transform:
  m_ObjectHideFlags: 0
  m_CorrespondingSourceObject: {fileID: 0}
  m_PrefabInstance: {fileID: 0}
  m_PrefabAsset: {fileID: 0}
  m_GameObject: {fileID: 9117595242943802193}
  m_LocalRotation: {x: 4.4401062e-16, y: 8.354493e-18, z: 0.018812645, w: 0.99982303}
  m_LocalPosition: {x: -0.3717338, y: -0.0019966115, z: 0.07303617}
  m_LocalScale: {x: 1, y: 1, z: 1}
  m_Children:
  - {fileID: 794528500193825732}
  m_Father: {fileID: 7418978514901548784}
  m_RootOrder: 0
  m_LocalEulerAnglesHint: {x: 0, y: 0, z: 0}
--- !u!4 &8266458007435904377
Transform:
  m_ObjectHideFlags: 0
  m_CorrespondingSourceObject: {fileID: 0}
  m_PrefabInstance: {fileID: 0}
  m_PrefabAsset: {fileID: 0}
  m_GameObject: {fileID: 7025108547152591257}
  m_LocalRotation: {x: -0.22729197, y: -0.66958076, z: -0.22729197, w: 0.66958076}
  m_LocalPosition: {x: -0.13787192, y: -2.6645352e-17, z: 3.5527136e-17}
  m_LocalScale: {x: 1, y: 1, z: 1}
  m_Children: []
  m_Father: {fileID: 794528500193825732}
  m_RootOrder: 0
  m_LocalEulerAnglesHint: {x: 0, y: 0, z: 0}
--- !u!4 &8295851697510844410
Transform:
  m_ObjectHideFlags: 0
  m_CorrespondingSourceObject: {fileID: 0}
  m_PrefabInstance: {fileID: 0}
  m_PrefabAsset: {fileID: 0}
  m_GameObject: {fileID: 6227486263877616118}
  m_LocalRotation: {x: 0.0009738356, y: 0.00064097386, z: 0.014862133, w: 0.9998889}
  m_LocalPosition: {x: 0.030516144, y: -0.0000000478116, z: 0.000000060660284}
  m_LocalScale: {x: 1, y: 1, z: 1}
  m_Children:
  - {fileID: 7722391352391241924}
  m_Father: {fileID: 2108675994489271963}
  m_RootOrder: 0
  m_LocalEulerAnglesHint: {x: 0, y: 0, z: 0}
--- !u!1 &8296172667499178854
GameObject:
  m_ObjectHideFlags: 0
  m_CorrespondingSourceObject: {fileID: 0}
  m_PrefabInstance: {fileID: 0}
  m_PrefabAsset: {fileID: 0}
  serializedVersion: 6
  m_Component:
  - component: {fileID: 5006512736490822005}
  - component: {fileID: 3506690171034330350}
  m_Layer: 0
  m_Name: Robot Kyle
  m_TagString: Untagged
  m_Icon: {fileID: 0}
  m_NavMeshLayer: 0
  m_StaticEditorFlags: 0
  m_IsActive: 1
--- !u!4 &8519910122940799237
Transform:
  m_ObjectHideFlags: 0
  m_CorrespondingSourceObject: {fileID: 0}
  m_PrefabInstance: {fileID: 0}
  m_PrefabAsset: {fileID: 0}
  m_GameObject: {fileID: 1506811393859943229}
  m_LocalRotation: {x: 0.010312854, y: -0.00012740763, z: 0.012352655, w: 0.99987054}
  m_LocalPosition: {x: -0.072257206, y: 0.012475326, z: -0.014861824}
  m_LocalScale: {x: 1, y: 1, z: 1}
  m_Children:
  - {fileID: 8048083271663578315}
  m_Father: {fileID: 2054380970721294493}
  m_RootOrder: 3
  m_LocalEulerAnglesHint: {x: 0, y: 0, z: 0}
--- !u!4 &8528901380813650410
Transform:
  m_ObjectHideFlags: 0
  m_CorrespondingSourceObject: {fileID: 0}
  m_PrefabInstance: {fileID: 0}
  m_PrefabAsset: {fileID: 0}
  m_GameObject: {fileID: 2701086153945994540}
  m_LocalRotation: {x: 0.010313046, y: -0.00011086465, z: 0.0107487505, w: 0.9998891}
  m_LocalPosition: {x: -0.071809866, y: 0.012475326, z: 0.005054819}
  m_LocalScale: {x: 1, y: 1, z: 1}
  m_Children:
  - {fileID: 3019434826819739849}
  m_Father: {fileID: 2054380970721294493}
  m_RootOrder: 1
  m_LocalEulerAnglesHint: {x: 0, y: 0, z: 0}
--- !u!4 &8572989240431452288
Transform:
  m_ObjectHideFlags: 0
  m_CorrespondingSourceObject: {fileID: 0}
  m_PrefabInstance: {fileID: 0}
  m_PrefabAsset: {fileID: 0}
  m_GameObject: {fileID: 6899100896814444426}
  m_LocalRotation: {x: 0, y: -0, z: -0.15122359, w: 0.9884996}
  m_LocalPosition: {x: -0.39539942, y: 1.2878587e-16, z: -8.9015506e-17}
  m_LocalScale: {x: 1, y: 1, z: 1}
  m_Children:
  - {fileID: 1707243785841508808}
  m_Father: {fileID: 3884189307182912624}
  m_RootOrder: 1
  m_LocalEulerAnglesHint: {x: 0, y: 0, z: 0}
--- !u!1 &8577938170481409697
GameObject:
  m_ObjectHideFlags: 0
  m_CorrespondingSourceObject: {fileID: 0}
  m_PrefabInstance: {fileID: 0}
  m_PrefabAsset: {fileID: 0}
  serializedVersion: 6
  m_Component:
  - component: {fileID: 2221922902532454255}
  m_Layer: 0
  m_Name: Left_Index_Finger_Joint_01b
  m_TagString: Untagged
  m_Icon: {fileID: 0}
  m_NavMeshLayer: 0
  m_StaticEditorFlags: 0
  m_IsActive: 1
--- !u!1 &8721300229786365766
GameObject:
  m_ObjectHideFlags: 0
  m_CorrespondingSourceObject: {fileID: 0}
  m_PrefabInstance: {fileID: 0}
  m_PrefabAsset: {fileID: 0}
  serializedVersion: 6
  m_Component:
  - component: {fileID: 794528500193825732}
  m_Layer: 0
  m_Name: Left_Ankle_Joint_01
  m_TagString: Untagged
  m_Icon: {fileID: 0}
  m_NavMeshLayer: 0
  m_StaticEditorFlags: 0
  m_IsActive: 1
--- !u!1 &8880049929853790852
GameObject:
  m_ObjectHideFlags: 0
  m_CorrespondingSourceObject: {fileID: 0}
  m_PrefabInstance: {fileID: 0}
  m_PrefabAsset: {fileID: 0}
  serializedVersion: 6
  m_Component:
  - component: {fileID: 1555423235432396480}
  m_Layer: 0
  m_Name: Left_Ring_Finger_Joint_01c
  m_TagString: Untagged
  m_Icon: {fileID: 0}
  m_NavMeshLayer: 0
  m_StaticEditorFlags: 0
  m_IsActive: 1
--- !u!4 &8906963750616493462
Transform:
  m_ObjectHideFlags: 0
  m_CorrespondingSourceObject: {fileID: 0}
  m_PrefabInstance: {fileID: 0}
  m_PrefabAsset: {fileID: 0}
  m_GameObject: {fileID: 7111752163424490975}
  m_LocalRotation: {x: -0.011016605, y: -0.0002521592, z: -0.022881629, w: 0.9996775}
  m_LocalPosition: {x: -0.02294514, y: -3.190986e-16, z: 9.775166e-18}
  m_LocalScale: {x: 1, y: 1, z: 1}
  m_Children: []
  m_Father: {fileID: 2221922902532454255}
  m_RootOrder: 0
  m_LocalEulerAnglesHint: {x: 0, y: 0, z: 0}
--- !u!4 &8918989076855044528
Transform:
  m_ObjectHideFlags: 0
  m_CorrespondingSourceObject: {fileID: 0}
  m_PrefabInstance: {fileID: 0}
  m_PrefabAsset: {fileID: 0}
  m_GameObject: {fileID: 399063148509828447}
  m_LocalRotation: {x: 0, y: -0, z: -0, w: 1}
  m_LocalPosition: {x: -0, y: 0, z: 0}
  m_LocalScale: {x: 1, y: 1, z: 1}
  m_Children: []
  m_Father: {fileID: 5006512736490822005}
  m_RootOrder: 0
  m_LocalEulerAnglesHint: {x: 0, y: 0, z: 0}
--- !u!1 &8990498533899001255
GameObject:
  m_ObjectHideFlags: 0
  m_CorrespondingSourceObject: {fileID: 0}
  m_PrefabInstance: {fileID: 0}
  m_PrefabAsset: {fileID: 0}
  serializedVersion: 6
  m_Component:
  - component: {fileID: 474934589300678234}
  m_Layer: 0
  m_Name: Right_Middle_Finger_Joint_01a
  m_TagString: Untagged
  m_Icon: {fileID: 0}
  m_NavMeshLayer: 0
  m_StaticEditorFlags: 0
  m_IsActive: 1
--- !u!1 &9054424508871395162
GameObject:
  m_ObjectHideFlags: 0
  m_CorrespondingSourceObject: {fileID: 0}
  m_PrefabInstance: {fileID: 0}
  m_PrefabAsset: {fileID: 0}
  serializedVersion: 6
  m_Component:
  - component: {fileID: 402061865876019171}
  m_Layer: 0
  m_Name: Left_Thumb_Joint_01a
  m_TagString: Untagged
  m_Icon: {fileID: 0}
  m_NavMeshLayer: 0
  m_StaticEditorFlags: 0
  m_IsActive: 1
--- !u!4 &9100600893931440010
Transform:
  m_ObjectHideFlags: 0
  m_CorrespondingSourceObject: {fileID: 0}
  m_PrefabInstance: {fileID: 0}
  m_PrefabAsset: {fileID: 0}
  m_GameObject: {fileID: 2132305278853079084}
  m_LocalRotation: {x: -0.011060424, y: -0.000267697, z: -0.024194574, w: 0.99964607}
  m_LocalPosition: {x: 0.02170031, y: 0.00000020217867, z: -0.00000009377064}
  m_LocalScale: {x: 1, y: 1, z: 1}
  m_Children: []
  m_Father: {fileID: 7922099666454858493}
  m_RootOrder: 0
  m_LocalEulerAnglesHint: {x: 0, y: 0, z: 0}
--- !u!1 &9111962884626107235
GameObject:
  m_ObjectHideFlags: 0
  m_CorrespondingSourceObject: {fileID: 0}
  m_PrefabInstance: {fileID: 0}
  m_PrefabAsset: {fileID: 0}
  serializedVersion: 6
  m_Component:
  - component: {fileID: 1707243785841508808}
  m_Layer: 0
  m_Name: Head
  m_TagString: Untagged
  m_Icon: {fileID: 0}
  m_NavMeshLayer: 0
  m_StaticEditorFlags: 0
  m_IsActive: 1
--- !u!1 &9117595242943802193
GameObject:
  m_ObjectHideFlags: 0
  m_CorrespondingSourceObject: {fileID: 0}
  m_PrefabInstance: {fileID: 0}
  m_PrefabAsset: {fileID: 0}
  serializedVersion: 6
  m_Component:
  - component: {fileID: 8166552636118352720}
  m_Layer: 0
  m_Name: Left_Knee_Joint_01
  m_TagString: Untagged
  m_Icon: {fileID: 0}
  m_NavMeshLayer: 0
  m_StaticEditorFlags: 0
  m_IsActive: 1
