%YAML 1.1
%TAG !u! tag:unity3d.com,2011:
--- !u!1 &3926657316925592242
GameObject:
  m_ObjectHideFlags: 0
  m_CorrespondingSourceObject: {fileID: 0}
  m_PrefabInstance: {fileID: 0}
  m_PrefabAsset: {fileID: 0}
  serializedVersion: 6
  m_Component:
  - component: {fileID: 3926657316925592241}
  m_Layer: 0
  m_Name: 04
  m_TagString: Untagged
  m_Icon: {fileID: 0}
  m_NavMeshLayer: 0
  m_StaticEditorFlags: 0
  m_IsActive: 1
--- !u!4 &3926657316925592241
Transform:
  m_ObjectHideFlags: 0
  m_CorrespondingSourceObject: {fileID: 0}
  m_PrefabInstance: {fileID: 0}
  m_PrefabAsset: {fileID: 0}
  m_GameObject: {fileID: 3926657316925592242}
  m_LocalRotation: {x: 0, y: 0, z: 0, w: 1}
  m_LocalPosition: {x: 0, y: 100, z: 0}
  m_LocalScale: {x: 1, y: 1, z: 1}
  m_ConstrainProportionsScale: 0
  m_Children:
  - {fileID: 3926657317439228398}
  - {fileID: 3926657318684714323}
  m_Father: {fileID: 0}
  m_RootOrder: 0
  m_LocalEulerAnglesHint: {x: 0, y: 0, z: 0}
--- !u!1 &3926657317439228399
GameObject:
  m_ObjectHideFlags: 0
  m_CorrespondingSourceObject: {fileID: 0}
  m_PrefabInstance: {fileID: 0}
  m_PrefabAsset: {fileID: 0}
  serializedVersion: 6
  m_Component:
  - component: {fileID: 3926657317439228398}
  - component: {fileID: 3926657317439228397}
  m_Layer: 0
  m_Name: SlowMo
  m_TagString: Untagged
  m_Icon: {fileID: 0}
  m_NavMeshLayer: 0
  m_StaticEditorFlags: 0
  m_IsActive: 0
--- !u!4 &3926657317439228398
Transform:
  m_ObjectHideFlags: 0
  m_CorrespondingSourceObject: {fileID: 0}
  m_PrefabInstance: {fileID: 0}
  m_PrefabAsset: {fileID: 0}
  m_GameObject: {fileID: 3926657317439228399}
  m_LocalRotation: {x: -0, y: -0, z: -0, w: 1}
  m_LocalPosition: {x: 0, y: -100, z: 0}
  m_LocalScale: {x: 1, y: 1, z: 1}
  m_ConstrainProportionsScale: 0
  m_Children: []
  m_Father: {fileID: 3926657316925592241}
  m_RootOrder: 0
  m_LocalEulerAnglesHint: {x: 0, y: 0, z: 0}
--- !u!114 &3926657317439228397
MonoBehaviour:
  m_ObjectHideFlags: 0
  m_CorrespondingSourceObject: {fileID: 0}
  m_PrefabInstance: {fileID: 0}
  m_PrefabAsset: {fileID: 0}
  m_GameObject: {fileID: 3926657317439228399}
  m_Enabled: 1
  m_EditorHideFlags: 0
  m_Script: {fileID: 11500000, guid: be007f533281ee94aa9aa0f14333a9ea, type: 3}
  m_Name: 
  m_EditorClassIdentifier: 
  audios:
  - {fileID: 0}
  - {fileID: 0}
--- !u!1 &3926657318684714349
GameObject:
  m_ObjectHideFlags: 0
  m_CorrespondingSourceObject: {fileID: 0}
  m_PrefabInstance: {fileID: 0}
  m_PrefabAsset: {fileID: 0}
  serializedVersion: 6
  m_Component:
  - component: {fileID: 3926657318684714323}
  - component: {fileID: 3926657318684714348}
  m_Layer: 0
  m_Name: NVBoids Bird
  m_TagString: Untagged
  m_Icon: {fileID: 0}
  m_NavMeshLayer: 0
  m_StaticEditorFlags: 0
  m_IsActive: 1
--- !u!4 &3926657318684714323
Transform:
  m_ObjectHideFlags: 0
  m_CorrespondingSourceObject: {fileID: 0}
  m_PrefabInstance: {fileID: 0}
  m_PrefabAsset: {fileID: 0}
  m_GameObject: {fileID: 3926657318684714349}
  m_LocalRotation: {x: -0, y: -0, z: -0, w: 1}
  m_LocalPosition: {x: 0, y: 0, z: 0}
  m_LocalScale: {x: 1, y: 1, z: 1}
  m_ConstrainProportionsScale: 0
  m_Children: []
  m_Father: {fileID: 3926657316925592241}
  m_RootOrder: 1
  m_LocalEulerAnglesHint: {x: 0, y: 0, z: 0}
--- !u!114 &3926657318684714348
MonoBehaviour:
  m_ObjectHideFlags: 0
  m_CorrespondingSourceObject: {fileID: 0}
  m_PrefabInstance: {fileID: 0}
  m_PrefabAsset: {fileID: 0}
  m_GameObject: {fileID: 3926657318684714349}
  m_Enabled: 1
  m_EditorHideFlags: 0
  m_Script: {fileID: 11500000, guid: 6fa35b9623162614881082335023629b, type: 3}
  m_Name: 
  m_EditorClassIdentifier: 
  behavioralCh: {x: 3, y: 7}
  debug: 0
  flockNum: 8
  fragmentedFlock: 800
  fragmentedFlockYLimit: 0.2
  migrationFrequency: 0.015
  posChangeFrequency: 0.2
  smoothChFrequency: 20
  birdPref: {fileID: 7623336724680058607, guid: 2f5f5731eb36efb4ead612880acc102e, type: 3}
  birdsNum: 226
  birdSpeed: 1
  fragmentedBirds: 23
  fragmentedBirdsYLimit: 0.9
  soaring: 0.45
  verticalWawe: 15
  rotationClamp: 0
  rotationClampValue: 50
  scaleRandom: {x: 1, y: 1.5}
  danger: 0
  dangerRadius: 15
  dangerSpeed: 1.5
  dangerSoaring: 0.5
  dangerLayer:
    serializedVersion: 2
    m_Bits: 0
  HelpURL: nvjob.github.io/unity/nvjob-boids
  ReportAProblem: nvjob.github.io/support
  Patrons: nvjob.github.io/patrons
